@book{mcp,
  title={Modern Classical Physics: Optics, Fluids, Plasmas, Elasticity, Relativity, and Statistical Physics},
  author={Thorne, Kip~S. and Blandford, Roger~D.},
  isbn={9781400848898},
  url={https://books.google.com/books?id=U1S6BQAAQBAJ},
  year={2017},
  publisher={Princeton University Press}
}

@article{planck2015,
	author = {Planck Collaboration},
	title = {Planck 2015 results -- I. Overview of products and scientific results},
	DOI= "10.1051/0004-6361/201527101",
	url= "https://doi.org/10.1051/0004-6361/201527101",
	journal = {A\&A},
	year = 2016,
	volume = 594,
	pages = "A1"
}

@article{healpix,
doi = {10.1086/427976},
url = {https://dx.doi.org/10.1086/427976},
year = {2005},
month = {apr},
publisher = {},
volume = {622},
number = {2},
pages = {759},
author = {K. M. GÃ³rski and E. Hivon and A. J. Banday and B. D. Wandelt and F. K. Hansen and M. Reinecke and M. Bartelmann},
title = {HEALPix: A Framework for High-Resolution Discretization and Fast Analysis of Data Distributed on the Sphere},
journal = {The Astrophysical Journal}
}

@book{climatedataguide,
title = {Climate Data Guide},
year = 2015,
publisher = {UCAR},
url = {https://climatedataguide.ucar.edu/}
}

@Article{granary,
AUTHOR = {Wang, Di and Zhang, Xi},
TITLE = {Modeling of a 3D Temperature Field by Integrating a Physics-Specific Model and Spatiotemporal Stochastic Processes},
JOURNAL = {Applied Sciences},
VOLUME = {9},
YEAR = {2019},
NUMBER = {10},
ARTICLE-NUMBER = {2108},
URL = {https://www.mdpi.com/2076-3417/9/10/2108},
ISSN = {2076-3417},
DOI = {10.3390/app9102108}
}

@article{diamond,
  title={Tensorial stress--strain fields and large elastoplasticity as well as friction in diamond anvil cell up to 400 GPa},
  author={Levitas, Valery I and Kamrani, Mehdi and Feng, Biao},
  journal={NPJ Computational Materials},
  volume={5},
  number={1},
  pages={1--11},
  year={2019},
  publisher={Nature Publishing Group}
}

@article{potentialvorticity,
author = {Lossow, S. and Khaplanov, M. and Gumbel, J. and Stegman, Jacek and Witt, Georg and Dalin, Peter and Kirkwood, Sheila and Schmidlin, F. and Fricke, K. and Blum, U.A.},
year = {2009},
month = {07},
pages = {},
title = {Middle atmospheric water vapour and dynamics in the vicinity of the polar vortex during the Hygrosonde-2 campaign},
volume = {9},
journal = {Atmospheric Chemistry and Physics},
doi = {10.5194/acp-9-4407-2009}
}

@inproceedings{marcos2017rotation,
  title={Rotation equivariant vector field networks},
  author={Marcos, Diego and Volpi, Michele and Komodakis, Nikos and Tuia, Devis},
  booktitle={Proceedings of the IEEE International Conference on Computer Vision},
  pages={5048--5057},
  year={2017}
}

@inproceedings{esteves2018learning,
  title={Learning so (3) equivariant representations with spherical cnns},
  author={Esteves, Carlos and Allen-Blanchette, Christine and Makadia, Ameesh and Daniilidis, Kostas},
  booktitle={Proceedings of the European Conference on Computer Vision (ECCV)},
  pages={52--68},
  year={2018}
}

@inproceedings{mitchel2021field,
  title={Field convolutions for surface CNNs},
  author={Mitchel, Thomas W and Kim, Vladimir G and Kazhdan, Michael},
  booktitle={Proceedings of the IEEE/CVF International Conference on Computer Vision},
  pages={10001--10011},
  year={2021}
}

@book{python3,
 author = {Van Rossum, Guido and Drake, Fred L.},
 title = {Python 3 Reference Manual},
 year = {2009},
 isbn = {1441412697},
 publisher = {CreateSpace},
 address = {Scotts Valley, CA}
}

@Article{numpy,
 title         = {Array programming with {NumPy}},
 author        = {Charles R. Harris and others},
 origauthor.   = {Charles R. Harris and K. Jarrod Millman and St{\'{e}}fan J.
                 van der Walt and Ralf Gommers and Pauli Virtanen and David
                 Cournapeau and Eric Wieser and Julian Taylor and Sebastian
                 Berg and Nathaniel J. Smith and Robert Kern and Matti Picus
                 and Stephan Hoyer and Marten H. van Kerkwijk and Matthew
                 Brett and Allan Haldane and Jaime Fern{\'{a}}ndez del
                 R{\'{i}}o and Mark Wiebe and Pearu Peterson and Pierre
                 G{\'{e}}rard-Marchant and Kevin Sheppard and Tyler Reddy and
                 Warren Weckesser and Hameer Abbasi and Christoph Gohlke and
                 Travis E. Oliphant},
 year          = {2020},
 month         = sep,
 journal       = {Nature},
 volume        = {585},
 number        = {7825},
 pages         = {357--362},
 doi           = {10.1038/s41586-020-2649-2},
 publisher     = {Springer Science and Business Media {LLC}},
 url           = {https://doi.org/10.1038/s41586-020-2649-2}
}

@Article{matplotlib,
  Author    = {Hunter, J. D.},
  Title     = {Matplotlib: A 2D graphics environment},
  Journal   = {Computing in Science \& Engineering},
  Volume    = {9},
  Number    = {3},
  Pages     = {90--95},
  abstract  = {Matplotlib is a 2D graphics package used for Python for
  application development, interactive scripting, and publication-quality
  image generation across user interfaces and operating systems.},
  publisher = {IEEE COMPUTER SOC},
  doi       = {10.1109/MCSE.2007.55},
  year      = 2007
}

@misc{cmastro,
  author = {Adrian M. Price-Whelan},
  title = {cmastro: colormaps for astronomers},
  year = {2021},
  publisher = {GitHub},
  journal = {GitHub repository},
  howpublished = {\url{https://github.com/adrn/cmastro}},
  url = {https://github.com/adrn/cmastro}
}

@book{humphreys1990reflection,
  title={Reflection groups and Coxeter groups},
  author={Humphreys, James E},
  number={29},
  year={1990},
  publisher={Cambridge university press}
}



@article{seljak,
  title={Towards optimal extraction of cosmological information from nonlinear data},
  author={Seljak, Uro{\v{s}} and Aslanyan, Grigor and Feng, Yu and Modi, Chirag},
  journal={Journal of Cosmology and Astroparticle Physics},
  volume={2017},
  number={12},
  pages={009},
  year={2017},
  publisher={IOP Publishing}
}

@article{wang2013reconstructing,
  title={Reconstructing the initial density field of the local universe: methods and tests with mock catalogs},
  author={Wang, Huiyuan and Mo, HJ and Yang, Xiaohu and Van den Bosch, Frank C},
  journal={The Astrophysical Journal},
  volume={772},
  number={1},
  pages={63},
  year={2013},
  publisher={IOP Publishing}
}

@article{jasche,
  title={Bayesian physical reconstruction of initial conditions from large-scale structure surveys},
  author={Jasche, Jens and Wandelt, Benjamin D},
  journal={Monthly Notices of the Royal Astronomical Society},
  volume={432},
  number={2},
  pages={894--913},
  year={2013},
  publisher={The Royal Astronomical Society}
}

@article{spins,
  title={Angular momentum-large-scale structure alignments in $\Lambda$CDM models and the SDSS},
  author={Paz, Dante J and Stasyszyn, Federico and Padilla, Nelson D},
  journal={Monthly Notices of the Royal Astronomical Society},
  volume={389},
  number={3},
  pages={1127--1136},
  year={2008},
  publisher={Blackwell Publishing Ltd Oxford, UK}
}

@article{wmap,
  title={Three-year Wilkinson Microwave Anisotropy Probe (WMAP) observations: implications for cosmology},
  author={Spergel, David N and Bean, R and Dor{\'e}, O and Nolta, MR and Bennett, CL and Dunkley, Joanna and Hinshaw, G and Jarosik, N ea and Komatsu, E and Page, L and others},
  journal={The Astrophysical Journal Supplement Series},
  volume={170},
  number={2},
  pages={377},
  year={2007},
  publisher={IOP Publishing}
}

@article{planck,
  title={Planck 2015 results-xiii. cosmological parameters},
  author={Ade, Peter AR and Aghanim, N and Arnaud, M and Ashdown, Mark and Aumont, J and Baccigalupi, C and Banday, AJ and Barreiro, RB and Bartlett, JG and Bartolo, N and others},
  journal={Astronomy \& Astrophysics},
  volume={594},
  pages={A13},
  year={2016},
  publisher={EDP sciences}
}

@article{illustristng,
  title={The IllustrisTNG simulations: public data release},
  author={Nelson, Dylan and Springel, Volker and Pillepich, Annalisa and Rodriguez-Gomez, Vicente and Torrey, Paul and Genel, Shy and Vogelsberger, Mark and Pakmor, Ruediger and Marinacci, Federico and Weinberger, Rainer and others},
  journal={Computational Astrophysics and Cosmology},
  volume={6},
  number={1},
  pages={1--29},
  year={2019},
  publisher={SpringerOpen}
}

@article{illustris,
  title={The illustris simulation: Public data release},
  author={Nelson, Dylan and Pillepich, Annalisa and Genel, Shy and Vogelsberger, Mark and Springel, Volker and Torrey, Paul and Rodriguez-Gomez, Vicente and Sijacki, Debora and Snyder, Gregory F and Griffen, Brendan and others},
  journal={Astronomy and Computing},
  volume={13},
  pages={12--37},
  year={2015},
  publisher={Elsevier}
}

@article{fitting,
  title={Data analysis recipes: Fitting a model to data},
  author={Hogg, David W and Bovy, Jo and Lang, Dustin},
  journal={arXiv preprint arXiv:1008.4686},
  year={2010}
}

@article{probability,
  title={Data analysis recipes: Probability calculus for inference},
  author={Hogg, David W},
  journal={arXiv preprint arXiv:1205.4446},
  year={2012}
}

@article{distances,
  title={Distance measures in cosmology},
  author={Hogg, David W},
  journal={arXiv preprint astro-ph/9905116},
  year={1999}
}

@article{homogeneous,
  title={Cosmic homogeneity demonstrated with luminous red galaxies},
  author={Hogg, David W and Eisenstein, Daniel J and Blanton, Michael R and Bahcall, Neta A and Brinkmann, J and Gunn, James E and Schneider, Donald P},
  journal={The Astrophysical Journal},
  volume={624},
  number={1},
  pages={54},
  year={2005},
  publisher={IOP Publishing}
}

@article{flex,
  title={Fitting very flexible models: Linear regression with large numbers of parameters},
  author={Hogg, David W and Villar, Soledad},
  journal={arXiv preprint arXiv:2101.07256},
  year={2021}
}

@article{hacks,
  title={Hack weeks as a model for data science education and collaboration},
  author={Huppenkothen, Daniela and Arendt, Anthony and Hogg, David W and Ram, Karthik and VanderPlas, Jacob T and Rokem, Ariel},
  journal={Proceedings of the National Academy of Sciences},
  volume={115},
  number={36},
  pages={8872--8877},
  year={2018},
  publisher={National Acad Sciences}
}

@article{hsr,
  title={Modeling confounding by half-sibling regression},
  author={Sch{\"o}lkopf, Bernhard and Hogg, David W and Wang, Dun and Foreman-Mackey, Daniel and Janzing, Dominik and Simon-Gabriel, Carl-Johann and Peters, Jonas},
  journal={Proceedings of the National Academy of Sciences},
  volume={113},
  number={27},
  pages={7391--7398},
  year={2016},
  publisher={National Acad Sciences}
}

@article{cpm,
  title={A causal, data-driven approach to modeling the Kepler data},
  author={Wang, Dun and Hogg, David W and Foreman-Mackey, Daniel and Sch{\"o}lkopf, Bernhard},
  journal={Publications of the Astronomical Society of the Pacific},
  volume={128},
  number={967},
  pages={094503},
  year={2016},
  publisher={IOP Publishing}
}

@article{reconstruction,
  title={Improving cosmological distance measurements by reconstruction of the baryon acoustic peak},
  author={Eisenstein, Daniel J and Seo, Hee-Jong and Sirko, Edwin and Spergel, David N},
  journal={The Astrophysical Journal},
  volume={664},
  number={2},
  pages={675},
  year={2007},
  publisher={IOP Publishing}
}

@article{entrofy,
  title={Entrofy your cohort: A transparent method for diverse cohort selection},
  author={Huppenkothen, Daniela and McFee, Brian and Nor{\'e}n, Laura},
  journal={Plos one},
  volume={15},
  number={7},
  pages={e0231939},
  year={2020},
  publisher={Public Library of Science San Francisco, CA USA}
}

@article{bao,
  title={Detection of the baryon acoustic peak in the large-scale correlation function of SDSS luminous red galaxies},
  author={Eisenstein, Daniel J and Zehavi, Idit and Hogg, David W and Scoccimarro, Roman and Blanton, Michael R and Nichol, Robert C and Scranton, Ryan and Seo, Hee-Jong and Tegmark, Max and Zheng, Zheng and others},
  journal={The Astrophysical Journal},
  volume={633},
  number={2},
  pages={560},
  year={2005},
  publisher={IOP Publishing}
}

@article{spherex,
  title={Cosmology with the SPHEREX all-sky spectral survey},
  author={Dor{\'e}, Olivier and Bock, Jamie and Ashby, Matthew and Capak, Peter and Cooray, Asantha and de Putter, Roland and Eifler, Tim and Flagey, Nicolas and Gong, Yan and Habib, Salman and others},
  journal={arXiv preprint arXiv:1412.4872},
  year={2014}
}

@article{euclid,
  title={Euclid definition study report},
  author={Laureijs, Rene and Amiaux, J and Arduini, S and Augueres, J-L and Brinchmann, J and Cole, R and Cropper, M and Dabin, C and Duvet, L and Ealet, A and others},
  journal={arXiv preprint arXiv:1110.3193},
  year={2011}
}

@article{21cm,
  title={Cosmology with the Highly Redshifted 21cm Line},
  author={Liu, Adrian and Aguirre, James and Ali-Haimoud, Yacine and Alvarez, Marcelo and Beardsley, Adam and Becker, George and Bowman, Judd and Breysse, Patrick and Bromm, Volker and Bull, Philip and others},
  journal={arXiv preprint arXiv:1903.06240},
  year={2019}
}

@inproceedings{desi,
  title={Overview of the dark energy spectroscopic instrument},
  author={Martini, Paul and Bailey, Stephen and Besuner, Robert W and Brooks, David and Doel, Peter and Edelstein, Jerry and Eisenstein, Daniel and Flaugher, Brenna and Gutierrez, Gaston and Harris, Stewart E and others},
  booktitle={Ground-based and airborne instrumentation for astronomy VII},
  volume={10702},
  pages={107021F},
  year={2018},
  organization={International Society for Optics and Photonics}
}

@article{lfi,
  title={Likelihood-free inference via classification},
  author={Gutmann, Michael U and Dutta, Ritabrata and Kaski, Samuel and Corander, Jukka},
  journal={Statistics and Computing},
  volume={28},
  number={2},
  pages={411--425},
  year={2018},
  publisher={Springer}
}

@article{abc,
  title={Approximate bayesian computation},
  author={Sunn{\aa}ker, Mikael and Busetto, Alberto Giovanni and Numminen, Elina and Corander, Jukka and Foll, Matthieu and Dessimoz, Christophe},
  journal={PLoS computational biology},
  volume={9},
  number={1},
  pages={e1002803},
  year={2013},
  publisher={Public Library of Science San Francisco, USA}
}

@article{halo_occ_symb,
  title={Modeling assembly bias with machine learning and symbolic regression},
  author={Wadekar, Digvijay and Villaescusa-Navarro, Francisco and Ho, Shirley and Perreault-Levasseur, Laurence},
  journal={arXiv preprint arXiv:2012.00111},
  year={2020}
}

@article{halo_occ_ml,
  title={Predicting halo occupation and galaxy assembly bias with machine learning},
  author={Xu, Xiaoju and Kumar, Saurabh and Zehavi, Idit and Contreras, Sergio},
  journal={Monthly Notices of the Royal Astronomical Society},
  volume={507},
  number={4},
  pages={4879--4899},
  year={2021},
  publisher={Oxford University Press}
}

@article{dm_2_gal,
  title={dm2gal: Mapping Dark Matter to Galaxies with Neural Networks},
  author={Kasmanoff, Noah and Villaescusa-Navarro, Francisco and Tinker, Jeremy and Ho, Shirley},
  journal={arXiv preprint arXiv:2012.00186},
  year={2020}
}

@article{dm_2_hi,
  title={HInet: Generating neutral hydrogen from dark matter with neural networks},
  author={Wadekar, Digvijay and Villaescusa-Navarro, Francisco and Ho, Shirley and Perreault-Levasseur, Laurence},
  journal={The Astrophysical Journal},
  volume={916},
  number={1},
  pages={42},
  year={2021},
  publisher={IOP Publishing}
}

@article{dm_2_gal_convnet,
  title={From dark matter to galaxies with convolutional networks},
  author={Zhang, Xinyue and Wang, Yanfang and Zhang, Wei and Sun, Yueqiu and He, Siyu and Contardo, Gabriella and Villaescusa-Navarro, Francisco and Ho, Shirley},
  journal={arXiv preprint arXiv:1902.05965},
  year={2019}
}

@article{learning_growth_structure,
  title={Learning to predict the cosmological structure formation},
  author={He, Siyu and Li, Yin and Feng, Yu and Ho, Shirley and Ravanbakhsh, Siamak and Chen, Wei and P{\'o}czos, Barnab{\'a}s},
  journal={Proceedings of the National Academy of Sciences},
  volume={116},
  number={28},
  pages={13825--13832},
  year={2019},
  publisher={National Acad Sciences}
}

@article{learning_effective_hydro,
  title={Learning effective physical laws for generating cosmological hydrodynamics with Lagrangian deep learning},
  author={Dai, Biwei and Seljak, Uro{\v{s}}},
  journal={Proceedings of the National Academy of Sciences},
  volume={118},
  number={16},
  year={2021},
  publisher={National Acad Sciences}
}

@article{assembly_bias2,
  title={Halo assembly bias and its effects on galaxy clustering},
  author={Croton, Darren J and Gao, Liang and White, Simon DM},
  journal={Monthly Notices of the Royal Astronomical Society},
  volume={374},
  number={4},
  pages={1303--1309},
  year={2007},
  publisher={Blackwell Publishing Ltd Oxford, UK}
}

@article{assembly_bias,
  title={Halo assembly bias in hierarchical structure formation},
  author={Dalal, Neal and White, Martin and Bond, J Richard and Shirokov, Alexander},
  journal={The Astrophysical Journal},
  volume={687},
  number={1},
  pages={12},
  year={2008},
  publisher={IOP Publishing}
}

@article{sham,
  title={Modeling luminosity-dependent galaxy clustering through cosmic time},
  author={Conroy, Charlie and Wechsler, Risa H and Kravtsov, Andrey V},
  journal={The Astrophysical Journal},
  volume={647},
  number={1},
  pages={201},
  year={2006},
  publisher={IOP Publishing}
}

@article{hod_2nd_parameter,
  title={The dependence of halo clustering on halo formation history, concentration, and occupation},
  author={Wechsler, Risa H and Zentner, Andrew R and Bullock, James S and Kravtsov, Andrey V and Allgood, Brandon},
  journal={The Astrophysical Journal},
  volume={652},
  number={1},
  pages={71},
  year={2006},
  publisher={IOP Publishing}
}

@article{hod,
  title={The halo occupation distribution: Toward an empirical determination of the relation between galaxies and mass},
  author={Berlind, Andreas A and Weinberg, David H},
  journal={The Astrophysical Journal},
  volume={575},
  number={2},
  pages={587},
  year={2002},
  publisher={IOP Publishing}
}

@book{jackson,
      author        = "Jackson, John David",
      title         = "{Classical Electrodynamics; 2nd ed.}",
      publisher     = "Wiley",
      address       = "New York, NY",
      year          = "1975",
      url           = "https://cds.cern.ch/record/100964",
}

@article{cpt,
    author = "Luders, Gerhart",
    title = "{On the Equivalence of Invariance under Time Reversal and under Particle-Antiparticle Conjugation for Relativistic Field Theories}",
    journal = "Kong. Dan. Vid. Sel. Mat. Fys. Med.",
    volume = "28N5",
    number = "5",
    pages = "1--17",
    year = "1954"
}

@article{thomas2018tensor,
  title={Tensor field networks: Rotation-and translation-equivariant neural networks for 3d point clouds},
  author={Thomas, Nathaniel and Smidt, Tess and Kearnes, Steven and Yang, Lusann and Li, Li and Kohlhoff, Kai and Riley, Patrick},
  journal={arXiv:1802.08219},
  year={2018}
}
@inproceedings{huang2021traffic,
  title={Traffic Agent Movement Prediction Using ResNet-based Model},
  author={Huang, Kai},
  booktitle={2021 6th International Conference on Intelligent Computing and Signal Processing (ICSP)},
  pages={136--139},
  year={2021},
  organization={IEEE}
}

@article{bietti2021sample,
  title={On the Sample Complexity of Learning with Geometric Stability},
  author={Bietti, Alberto and Venturi, Luca and Bruna, Joan},
  journal={arXiv preprint arXiv:2106.07148},
  year={2021}
}

@article{mei2021learning,
  title={Learning with invariances in random features and kernel models},
  author={Mei, Song and Misiakiewicz, Theodor and Montanari, Andrea},
  journal={arXiv preprint arXiv:2102.13219},
  year={2021}
}

@article{elesedy2021provably,
  title={Provably Strict Generalisation Benefit for Equivariant Models},
  author={Elesedy, Bryn and Zaidi, Sheheryar},
  journal={arXiv preprint arXiv:2102.10333},
  year={2021}
}

@article{kondor2018covariant,
  title={Covariant compositional networks for learning graphs},
  author={Kondor, Risi and Son, Hy Truong and Pan, Horace and Anderson, Brandon and Trivedi, Shubhendu},
  journal={arXiv:1801.02144},
  year={2018}
}

@inproceedings{zhao2020quaternion,
  title={Quaternion equivariant capsule networks for 3d point clouds},
  author={Zhao, Yongheng and Birdal, Tolga and Lenssen, Jan Eric and Menegatti, Emanuele and Guibas, Leonidas and Tombari, Federico},
  booktitle={European Conference on Computer Vision},
  pages={1--19},
  year={2020},
  organization={Springer}
}

@article{fuchs2020se,
  title={SE (3)-Transformers: 3D Roto-Translation Equivariant Attention Networks},
  author={Fuchs, Fabian and Worrall, Daniel and Fischer, Volker and Welling, Max},
  journal={Neural Information Processing Systems},
  volume={33},
  year={2020}
}

@article{enequivariant,
  author    = {Victor Garcia Satorras and
               Emiel Hoogeboom and
               Max Welling},
  title     = {E(n) Equivariant Graph Neural Networks},
  journal   = {arXiv:2102.09844},
  year      = {2021}
}


@article{ricci,
  title={M{\'e}thodes de calcul diff{\'e}rentiel absolu et leurs applications},
  author={Ricci, M. M. G. and Levi-Civita, Tullio},
  journal={Mathematische Annalen},
  volume={54},
  number={1},
  pages={125--201},
  year={1900},
  publisher={Springer}
}

@ARTICLE{einstein,
       author = {Einstein, Albert},
        title = "{Die Grundlage der allgemeinen Relativit{\"a}tstheorie}",
      journal = {Annalen der Physik},
         year = 1916,
        month = Jan,
       volume = {354},
       number = {7},
        pages = {769-822},
          doi = {10.1002/andp.19163540702},
       adsurl = {https://ui.adsabs.harvard.edu/abs/1916AnP...354..769E},
      adsnote = {Provided by the SAO/NASA Astrophysics Data System}
}
@article{roth1981rigid,
  title={Rigid and flexible frameworks},
  author={Roth, Ben},
  journal={The American Mathematical Monthly},
  volume={88},
  number={1},
  pages={6--21},
  year={1981},
  publisher={Taylor \& Francis}
}
@article{pimentel2016characterization,
  title={A characterization of deterministic sampling patterns for low-rank matrix completion},
  author={Pimentel-Alarc{\'o}n, Daniel L and Boston, Nigel and Nowak, Robert D},
  journal={IEEE Journal of Selected Topics in Signal Processing},
  volume={10},
  number={4},
  pages={623--636},
  year={2016},
  publisher={IEEE}
}

@article{singer2010uniqueness,
  title={Uniqueness of low-rank matrix completion by rigidity theory},
  author={Singer, Amit and Cucuringu, Mihai},
  journal={SIAM Journal on Matrix Analysis and Applications},
  volume={31},
  number={4},
  pages={1621--1641},
  year={2010},
  publisher={SIAM}
}

@book{weyl,
  title={The Classical Groups},
  author={Weyl, Hermann},
  year={1946},
  publisher={Princeton University Press}
}

@article{finzi2021practical,
  title={A Practical Method for Constructing Equivariant Multilayer Perceptrons for Arbitrary Matrix Groups},
  author={Finzi, Marc and Welling, Max and Wilson, Andrew Gordon},
  journal={arXiv:2104.09459},
  year={2021}
}

@book{trefethen1997numerical,
  title={Numerical linear algebra},
  author={Trefethen, Lloyd N and Bau III, David},
  volume={50},
  year={1997},
  publisher={Siam}
}


@article{benton2020learning,
	Author = {Benton, Gregory and Finzi, Marc and Izmailov, Pavel and Wilson, Andrew Gordon},
	Journal = {arXiv:2010.11882},
	Title = {Learning Invariances in Neural Networks},
	Year = {2020}}


@inproceedings{cohen2019gauge,
	Author = {Cohen, Taco and Weiler, Maurice and Kicanaoglu, Berkay and Welling, Max},
	Booktitle = {International Conference on Machine Learning},
	Organization = {PMLR},
	Pages = {1321--1330},
	Title = {Gauge equivariant convolutional networks and the icosahedral CNN},
	Year = {2019}}

@article{kondor2018n,
	Author = {Kondor, Risi},
	Journal = {arXiv:1803.01588},
	Title = {N-body networks: a covariant hierarchical neural network architecture for learning atomic potentials},
	Year = {2018}}

@inproceedings{candes2008exact,
  title={Exact low-rank matrix completion via convex optimization},
  author={Candes, Emmanuel J and Recht, Benjamin},
  booktitle={2008 46th Annual Allerton Conference on Communication, Control, and Computing},
  pages={806--812},
  year={2008},
  organization={IEEE}
}
@inproceedings{zaheer2017deep,
  title={Deep Sets},
  author={Zaheer, Manzil and Kottur, Satwik and Ravanbakhsh, Siamak and P{\'o}czos, Barnab{\'a}s and Salakhutdinov, Ruslan and Smola, Alexander J},
  booktitle={Neural Information Processing Systems},
  pages={3394--3404},
  year={2017}
}
@inproceedings{qi2017pointnet++,
  title={PointNet++ deep hierarchical feature learning on point sets in a metric space},
  author={Qi, Charles R and Yi, Li and Su, Hao and Guibas, Leonidas J},
  booktitle={Neural Information Processing Systems},
  pages={5105--5114},
  year={2017}
}
@article{bouritsas2020improving,
  title={Improving graph neural network expressivity via subgraph isomorphism counting},
  author={Bouritsas, Giorgos and Frasca, Fabrizio and Zafeiriou, Stefanos and Bronstein, Michael M},
  journal={arXiv:2006.09252},
  year={2020}
}
@article{klicpera2021gemnet,
  title={GemNet: Universal Directional Graph Neural Networks for Molecules},
  author={Klicpera, Johannes and Becker, Florian and G{\"u}nnemann, Stephan},
  journal={arXiv preprint arXiv:2106.08903},
  year={2021}
}
@article{jalali2017variational,
  title={Variational Gram functions: Convex analysis and optimization},
  author={Jalali, Amin and Fazel, Maryam and Xiao, Lin},
  journal={SIAM Journal on Optimization},
  volume={27},
  number={4},
  pages={2634--2661},
  year={2017},
  publisher={SIAM}
}
@inproceedings{chen2020can,
 author = {Chen, Zhengdao and Chen, Lei and Villar, Soledad and Bruna, Joan},
 booktitle = {Neural Information Processing Systems},
 editor = {H. Larochelle and M. Ranzato and R. Hadsell and M. F. Balcan and H. Lin},
 pages = {10383--10395},
 publisher = {Curran Associates, Inc.},
 title = {Can Graph Neural Networks Count Substructures?},
 url = {https://proceedings.neurips.cc/paper/2020/file/75877cb75154206c4e65e76b88a12712-Paper.pdf},
 volume = {33},
 year = {2020}
}



@inproceedings{zhang2019rotation,
  title={Rotation invariant convolutions for 3d point clouds deep learning},
  author={Zhang, Zhiyuan and Hua, Binh-Son and Rosen, David W and Yeung, Sai-Kit},
  booktitle={2019 International Conference on 3D Vision (3DV)},
  pages={204--213},
  year={2019},
  organization={IEEE}
}
@inproceedings{qi2017pointnet,
  title={Pointnet: Deep learning on point sets for 3d classification and segmentation},
  author={Qi, Charles R and Su, Hao and Mo, Kaichun and Guibas, Leonidas J},
  booktitle={Proceedings of the IEEE conference on computer vision and pattern recognition},
  pages={652--660},
  year={2017}
}


@article{guo2020deep,
  title={Deep learning for 3d point clouds: A survey},
  author={Guo, Yulan and Wang, Hanyun and Hu, Qingyong and Liu, Hao and Liu, Li and Bennamoun, Mohammed},
  journal={IEEE Transactions on Pattern Analysis and machine intelligence},
  year={2020},
  publisher={IEEE}
}



@inproceedings{DeterministicSPSMCompletion,
 author = {Bishop, William E and Yu, Byron M},
 booktitle = {Neural Information Processing Systems},
 title = {Deterministic Symmetric Positive Semidefinite Matrix Completion},
 volume = {27},
 year = {2014}
}



@inproceedings{maron2019provably,
  title={Provably powerful graph networks},
  author={Maron, Haggai and Ben-Hamu, Heli and Serviansky, Hadar and Lipman, Yaron},
  booktitle={Neural Information Processing Systems},
  pages={2153--2164},
  year={2019}
}

@inproceedings{defferrard2016convolutional,
  title={Convolutional neural networks on graphs with fast localized spectral filtering},
  author={Defferrard, Micha{\"e}l and Bresson, Xavier and Vandergheynst, Pierre},
  booktitle={neural information processing systems},
  pages={3844--3852},
  year={2016}
}

@inproceedings{loukas2019graph,
  title={What graph neural networks cannot learn: depth vs width},
  author={Loukas, Andreas},
  booktitle={International Conference on Learning Representations},
  year={2019}
}

@inproceedings{ying2018graph,
  title={Graph convolutional neural networks for web-scale recommender systems},
  author={Ying, Rex and He, Ruining and Chen, Kaifeng and Eksombatchai, Pong and Hamilton, William L and Leskovec, Jure},
  booktitle={Proceedings of the 24th ACM SIGKDD International Conference on Knowledge Discovery \& Data Mining},
  pages={974--983},
  year={2018}
}

@article{maron2019open,
  title={Open Problems: Approximation Power of Invariant Graph Networks},
  author={Maron, Haggai and Ben-Hamu, Heli and Lipman, Yaron},
  year={2019}
}


@article{zhou2018graph,
  title={Graph neural networks: A review of methods and applications},
  author={Zhou, Jie and Cui, Ganqu and Zhang, Zhengyan and Yang, Cheng and Liu, Zhiyuan and Wang, Lifeng and Li, Changcheng and Sun, Maosong},
  journal={arXiv:1812.08434},
  year={2018}
}

@inproceedings{choma2018graph,
  title={Graph neural networks for icecube signal classification},
  author={Choma, Nicholas and Monti, Federico and Gerhardt, Lisa and Palczewski, Tomasz and Ronaghi, Zahra and Prabhat, Prabhat and Bhimji, Wahid and Bronstein, Michael and Klein, Spencer and Bruna, Joan},
  booktitle={2018 17th IEEE International Conference on Machine Learning and Applications (ICMLA)},
  pages={386--391},
  year={2018},
  organization={IEEE}
}

@article{zou2019graph,
  title={Graph convolutional neural networks via scattering},
  author={Zou, Dongmian and Lerman, Gilad},
  journal={Applied and Computational Harmonic Analysis},
  year={2019},
  publisher={Elsevier}
}

@article{alon2008biomolecular,
  title={Biomolecular network motif counting and discovery by color coding},
  author={Alon, Noga and Dao, Phuong and Hajirasouliha, Iman and Hormozdiari, Fereydoun and Sahinalp, S Cenk},
  journal={Bioinformatics},
  volume={24},
  number={13},
  pages={i241--i249},
  year={2008},
  publisher={Oxford University Press}
}

@article{von2007tutorial,
  title={A tutorial on spectral clustering},
  author={Von Luxburg, Ulrike},
  journal={Statistics and Computing},
  volume={17},
  number={4},
  pages={395--416},
  year={2007},
  publisher={Springer}
}

@article{arvind2018weisfeiler,
  title={On Weisfeiler-Leman invariance: subgraph counts and related graph properties},
  author={Arvind, Vikraman and Fuhlbr{\"u}ck, Frank and K{\"o}bler, Johannes and Verbitsky, Oleg},
  journal={Journal of Computer and System Sciences},
  year={2020},
  publisher={Elsevier}
}

@inproceedings{shervashidze2009efficient,
  title={Efficient graphlet kernels for large graph comparison},
  author={Shervashidze, Nino and Vishwanathan, SVN and Petri, Tobias and Mehlhorn, Kurt and Borgwardt, Karsten},
  booktitle={Artificial Intelligence and Statistics},
  pages={488--495},
  year={2009}
}

@inproceedings{chen2019equivalence,
  title={On the equivalence between graph isomorphism testing and function approximation with gnns},
  author={Chen, Zhengdao and Villar, Soledad and Chen, Lei and Bruna, Joan},
  booktitle={Neural Information Processing Systems},
  pages={15868--15876},
  year={2019}
}
@article{leshno1993multilayer,
  title={Multilayer feedforward networks with a nonpolynomial activation function can approximate any function},
  author={Leshno, Moshe and Lin, Vladimir Ya and Pinkus, Allan and Schocken, Shimon},
  journal={Neural Networks},
  volume={6},
  number={6},
  pages={861--867},
  year={1993},
  publisher={Elsevier}
}

@inproceedings{bogatskiy2020lorentz,
  title={Lorentz group equivariant neural network for particle physics},
  author={Bogatskiy, Alexander and Anderson, Brandon and Offermann, Jan and Roussi, Marwah and Miller, David and Kondor, Risi},
  booktitle={International Conference on Machine Learning},
  pages={992--1002},
  year={2020},
  organization={PMLR}
}

@inproceedings{xu2018powerful,
  title={How Powerful are Graph Neural Networks?},
  author={Xu, Keyulu and Hu, Weihua and Leskovec, Jure and Jegelka, Stefanie},
  booktitle={International Conference on Learning Representations},
  year={2018}
}

@article{nowak2017note,
  title={A note on learning algorithms for quadratic assignment with graph neural networks},
  author={Nowak, Alex and Villar, Soledad and Bandeira, Afonso S and Bruna, Joan},
  journal={arXiv:1706.07450},
  year={2017}
}

@article{weisfeiler1968reduction,
  title={The reduction of a graph to canonical form and the algebra which appears therein},
  author={Weisfeiler, B and Leman, A},
  journal={Nauchno-Technicheskaya Informatsia},
  year={1968},
  volume={2(9):12-16}
}

@inproceedings{duvenaud2015convolutional,
  title={Convolutional networks on graphs for learning molecular fingerprints},
  author={Duvenaud, David K and Maclaurin, Dougal and Iparraguirre, Jorge and Bombarell, Rafael and Hirzel, Timothy and Aspuru-Guzik, Al{\'a}n and Adams, Ryan P},
  booktitle={Neural Information Processing systems},
  pages={2224--2232},
  year={2015}
}

@article{kipf2016semi,
  title={Semi-supervised classification with graph convolutional networks},
  author={Kipf, Thomas N and Welling, Max},
  journal={arXiv:1609.02907},
  year={2016}
}

@inproceedings{gilmer2017neural,
  title={Neural message passing for quantum chemistry},
  author={Gilmer, Justin and Schoenholz, Samuel S and Riley, Patrick F and Vinyals, Oriol and Dahl, George E},
  booktitle={Proceedings of the 34th International Conference on Machine Learning-Volume 70},
  pages={1263--1272},
  year={2017},
  organization={JMLR. org}
}

@article{hamilton2017representation,
  title={Representation learning on graphs: Methods and applications},
  author={Hamilton, William L and Ying, Rex and Leskovec, Jure},
  journal={arXiv:1709.05584},
  year={2017}
}

@inproceedings{velivckovic2017graph,
  title={Graph Attention Networks},
  author={Veli{\v{c}}kovi{\'c}, Petar and Cucurull, Guillem and Casanova, Arantxa and Romero, Adriana and Li{\`o}, Pietro and Bengio, Yoshua},
  booktitle={International Conference on Learning Representations},
  year={2018}
}

@article{scarselli2008graph,
  title={The graph neural network model},
  author={Scarselli, Franco and Gori, Marco and Tsoi, Ah Chung and Hagenbuchner, Markus and Monfardini, Gabriele},
  journal={IEEE Transactions on Neural Networks},
  volume={20},
  number={1},
  pages={61--80},
  year={2008},
  publisher={IEEE}
}

@inproceedings{zhang2018link,
  title={Link prediction based on graph neural networks},
  author={Zhang, Muhan and Chen, Yixin},
  booktitle={Neural Information Processing Systems},
  pages={5165--5175},
  year={2018}
}



@inproceedings{hamilton2017inductive,
  title={Inductive representation learning on large graphs},
  author={Hamilton, Will and Ying, Zhitao and Leskovec, Jure},
  booktitle={Neural Information Processing Systems},
  pages={1024--1034},
  year={2017}
}

@article{wu2019comprehensive,
  title={A comprehensive survey on graph neural networks},
  author={Wu, Zonghan and Pan, Shirui and Chen, Fengwen and Long, Guodong and Zhang, Chengqi and Yu, Philip S},
  journal={arXiv:1901.00596},
  year={2019}
}

@article{cybenko1989approximation,
  title={Approximation by superpositions of a sigmoidal function},
  author={Cybenko, George},
  journal={Mathematics of Control, Signals and Systems},
  volume={2},
  number={4},
  pages={303--314},
  year={1989},
  publisher={Springer}
}

@inproceedings{herzig2018mapping,
  title={Mapping images to scene graphs with permutation-invariant structured prediction},
  author={Herzig, Roei and Raboh, Moshiko and Chechik, Gal and Berant, Jonathan and Globerson, Amir},
  booktitle={Neural Information Processing Systems},
  pages={7211--7221},
  year={2018}
}

@inproceedings{murphy2019relational,
  title={Relational Pooling for Graph Representations},
  author={Murphy, Ryan and Srinivasan, Balasubramaniam and Rao, Vinayak and Ribeiro, Bruno},
  booktitle={International Conference on Machine Learning},
  pages={4663--4673},
  year={2019}
}

@article{morris2019higher,
  title={Weisfeiler and Leman Go Neural: Higher-order Graph Neural Networks},
  author={Morris, Christopher and Ritzert, Martin and Fey, Matthias and Hamilton, William L and Lenssen, Jan Eric and Rattan, Gaurav and Grohe, Martin},
  journal={Association for the Advancement of Artificial Intelligence},
  year={2019}
}

@article{bloemreddy2019probabilistic,
  title={Probabilistic Symmetry and Invariant Neural Networks},
  author={Bloem-Reddy, Benjamin and Teh, Yee Whye},
  journal={arXiv:1901.06082},
  year={2019}
}



@article{ravanbakhsh2017sharing,
  title={Equivariance Through Parameter-Sharing},
  author={Ravanbakhsh, Siamak and Schneider, Jeff and Poczos, Barnabas},
  journal={Proceedings of the 34th International Conference on Machine Learning},
  year={2017}
}

@article{kondor2018convolution,
  title={On the Generalization of Equivariance and Convolution in Neural Networks to the Action of Compact Groups},
  author={Kondor, Risi and Trivedi, Shubhendu},
  journal={Proceedings of the 35th International Conference on Machine Learning},
  year={2018}
}

@article{chen2019cdsbm,
  title={Supervised Community Detection with Line Graph Neural Networks},
  author={Chen, Zhengdao and Li, Lisha and Bruna, Joan},
  journal={International Conference on Learning Representations},
  year={2019}
}

@article{hornik1991hornik,
  title={Approximation Capabilities of Multilayer Feedforward Networks},
  author={Hornik, Kurt},
  journal={Neural Networks},
  volume={4},
  pages={251--257},
  year={1991},
  publisher={Pergamon Press}
}

@article{ramana1994fractional,
  title={Fractional isomorphism of graphs},
  author={Ramana, Motakuri V and Scheinerman, Edward R and Ullman, Daniel},
  journal={Discrete Mathematics},
  volume={132},
  number={1-3},
  pages={247--265},
  year={1994},
  publisher={Elsevier}
}


@article{zhao1998semidefinite,
  title={Semidefinite programming relaxations for the quadratic assignment problem},
  author={Zhao, Qing and Karisch, Stefan E and Rendl, Franz and Wolkowicz, Henry},
  journal={Journal of Combinatorial Optimization},
  volume={2},
  number={1},
  pages={71--109},
  year={1998},
  publisher={Springer}
}
@inproceedings{o2014hardness,
  title={Hardness of robust graph isomorphism, Lasserre gaps, and asymmetry of random graphs},
  author={O'Donnell, Ryan and Wright, John and Wu, Chenggang and Zhou, Yuan},
  booktitle={Proceedings of the twenty-fifth annual ACM-SIAM symposium on Discrete algorithms},
  pages={1659--1677},
  year={2014},
  organization={Society for Industrial and Applied Mathematics}
}

@article{cai1992optimal,
  title={An optimal lower bound on the number of variables for graph identification},
  author={Cai, Jin-Yi and F{\"u}rer, Martin and Immerman, Neil},
  journal={Combinatorica},
  volume={12},
  number={4},
  pages={389--410},
  year={1992},
  publisher={Springer}
}

@inproceedings{yanardag2015deep,
 title={Deep graph kernels},
 author={Yanardag, Pinar and Vishwanathan, SVN},
 booktitle={Proceedings of the 21th ACM SIGKDD International Conference on Knowledge Discovery and Data Mining},
 pages={1365--1374},
 year={2015},
 organization={ACM}
}

@inproceedings{babai2016graph,
  title={Graph isomorphism in quasipolynomial time},
  author={Babai, L{\'a}szl{\'o}},
  booktitle={Proceedings of the forty-eighth annual ACM symposium on Theory of Computing},
  pages={684--697},
  year={2016},
  organization={ACM}
}

@article{bronstein2017geometric, 
author={M. M. {Bronstein} and J. {Bruna} and Y. {LeCun} and A. {Szlam} and P. {Vandergheynst}}, 
journal={IEEE Signal Processing Magazine}, 
title={Geometric Deep Learning: Going beyond Euclidean data}, 
year={2017}, 
volume={34}, 
number={4}, 
pages={18-42}, 
keywords={computational geometry;neural nets;geometric deep learning;Euclidean data;deep neural models;Convolution;Computational modeling;Euclidean distance;Machine learning;Convolutional codes;Social network services;Computer architecture}
}

@article{krzakala2013spectral,
  title={Spectral redemption in clustering sparse networks},
  author={Krzakala, Florent and Moore, Cristopher and Mossel, Elchanan and Neeman, Joe and Sly, Allan and Zdeborov{\'a}, Lenka and Zhang, Pan},
  journal={Proceedings of the National Academy of Sciences},
  volume={110},
  number={52},
  pages={20935--20940},
  year={2013},
  publisher={National Acad Sciences}
}

@inproceedings{ying2019gnn,
  title={Gnnexplainer: Generating explanations for graph neural networks},
  author={Ying, Zhitao and Bourgeois, Dylan and You, Jiaxuan and Zitnik, Marinka and Leskovec, Jure},
  booktitle={Neural Information Processing Systems},
  pages={9244--9255},
  year={2019}
}


@inproceedings{Monti:2017,
author = {Monti, F and Bronstein, M and Bresson, X},
pages = {3697--3707},
title = {Geometric matrix completion with recurrent multi-graph neural networks},
year = {2017}
}


@article{babai1980random,
  title={Random graph isomorphism},
  author={Babai, L{\'a}szl{\'o} and Erdos, Paul and Selkow, Stanley M},
  journal={SIaM Journal on Computing},
  volume={9},
  number={3},
  pages={628--635},
  year={1980},
  publisher={SIAM}
}

@inproceedings{furer2017combinatorial,
  title={On the combinatorial power of the Weisfeiler-Lehman algorithm},
  author={F{\"u}rer, Martin},
  booktitle={International Conference on Algorithms and Complexity},
  pages={260--271},
  year={2017},
  organization={Springer}
}

@inproceedings{you2018graphrnn,
  title={GraphRNN: Generating Realistic Graphs with Deep Auto-regressive Models},
  author={You, Jiaxuan and Ying, Rex and Ren, Xiang and Hamilton, William and Leskovec, Jure},
  booktitle={International Conference on Machine Learning},
  pages={5708--5717},
  year={2018}
}



@inproceedings{jin2018junction,
  title={Junction Tree Variational Autoencoder for Molecular Graph Generation},
  author={Jin, Wengong and Barzilay, Regina and Jaakkola, Tommi},
  booktitle={International Conference on Machine Learning},
  pages={2323--2332},
  year={2018}
}

@inproceedings{jiang2010finding,
  title={Finding frequent subgraphs in longitudinal social network data using a weighted graph mining approach},
  author={Jiang, Chuntao and Coenen, Frans and Zito, Michele},
  booktitle={International Conference on Advanced Data Mining and Applications},
  pages={405--416},
  year={2010},
  organization={Springer}
}

@article{koyuturk2004biological,
    author = {KoyutÃ¼rk, Mehmet and Grama, Ananth and Szpankowski, Wojciech},
    title = "{An efficient algorithm for detecting frequent subgraphs in biological networks}",
    journal = {Bioinformatics},
    volume = {20},
    number = {suppl 1},
    pages = {i200-i207},
    year = {2004}
    }

@book{lemke2003review,
  title={Review of organic functional groups: introduction to medicinal organic chemistry},
  author={Lemke, Thomas L},
  year={2003},
  publisher={Lippincott Williams \& Wilkins}
}

@article{rahman2009small,
  title={Small molecule subgraph detector (SMSD) toolkit},
  author={Rahman, Syed Asad and Bashton, Matthew and Holliday, Gemma L and Schrader, Rainer and Thornton, Janet M},
  journal={Journal of Cheminformatics},
  volume={1},
  number={1},
  pages={12},
  year={2009},
  publisher={Springer}
}

@article{oboyle2016comparing,
  title={Comparing structural fingerprints using a literature-based similarity benchmark},
  author={OâBoyle, Noel M and Sayle, Roger A},
  journal={Journal of Cheminformatics},
  volume={8},
  number={1},
  pages={1--14},
  year={2016},
  publisher={BioMed Central}
}

@techreport{deshpande2002automated,
  title={Automated approaches for classifying structures},
  author={Deshpande, Mukund and Kuramochi, Michihiro and Karypis, George},
  year={2002},
  institution={
  Minnesota University Minneapolis Department of Computer Science}
}

@inproceedings{liu2018ngram,
 author = {Liu, Shengchao and Demirel, Mehmet F and Liang, Yingyu},
 booktitle = {Neural Information Processing Systems},
 pages = {8466--8478},
 title = {N-Gram Graph: Simple Unsupervised Representation for Graphs, with Applications to Molecules},
 url = {https://proceedings.neurips.cc/paper/2019/file/2f3926f0a9613f3c3cc21d52a3cdb4d9-Paper.pdf},
 volume = {32},
 year = {2019}
}

@inproceedings{liu2019neuralsubgraph,
  title={Neural subgraph isomorphism counting},
  author={Liu, Xin and Pan, Haojie and He, Mutian and Song, Yangqiu and Jiang, Xin and Shang, Lifeng},
  booktitle={Proceedings of the 26th ACM SIGKDD International Conference on Knowledge Discovery \& Data Mining},
  pages={1959--1969},
  year={2020}
}

@inproceedings{monti2018motifnet,
  title={Motifnet: a motif-based graph convolutional network for directed graphs},
  author={Monti, Federico and Otness, Karl and Bronstein, Michael M},
  booktitle={2018 IEEE Data Science Workshop (DSW)},
  pages={225--228},
  year={2018},
  organization={IEEE}
}


@article{ying2018diffpool,
  author    = {Rex Ying and
               Jiaxuan You and
               Christopher Morris and
               Xiang Ren and
               William L. Hamilton and
               Jure Leskovec},
  title     = {Hierarchical Graph Representation Learning with Differentiable Pooling},
  journal   = {arXiv:1806.08804},
  year      = {2018},
  url       = {http://arxiv.org/abs/1806.08804},
  archivePrefix = {arXiv},
  eprint    = {1806.08804},
  timestamp = {Mon, 13 Aug 2018 16:47:25 +0200},
  biburl    = {https://dblp.org/rec/bib/journals/corr/abs-1806-08804},
  bibsource = {dblp computer science bibliography, https://dblp.org}
}
@inproceedings{gori2005new,
  title={A new model for learning in graph domains},
  author={Gori, Marco and Monfardini, Gabriele and Scarselli, Franco},
  booktitle={Proceedings. 2005 IEEE International Joint Conference on Neural Networks, 2005.},
  volume={2},
  pages={729--734},
  year={2005},
  organization={IEEE}
}
@article{azizian2020characterizing,
  title={Characterizing the expressive power of invariant and equivariant graph neural networks},
  author={Azizian, Wa{\"\i}ss and Lelarge, Marc},
  journal={arXiv:2006.15646},
  year={2020}
}

@article{dai2017combopt,
  title={Learning combinatorial optimization algorithms over graphs},
  author={Khalil, Elias and Dai, Hanjun and Zhang, Yuyu and Dilkina, Bistra and Song, Le},
  journal={Neural Information Processing Systems},
  volume={30},
  pages={6348--6358},
  year={2017}
}

@article{kingma2014adam,
  title={Adam: A method for stochastic optimization},
  author={Kingma, Diederik P and Ba, Jimmy},
  journal={arXiv:1412.6980},
  year={2014}
}

@misc{jin2019hierarchical,
    title={Hierarchical Graph-to-Graph Translation for Molecules},
    author={Wengong Jin and Regina Barzilay and Tommi Jaakkola},
    year={2019},
    eprint={1907.11223},
    archivePrefix={arXiv},
    primaryClass={physics.chem-ph}
}

@inproceedings{xu2018representation,
  title={Representation Learning on Graphs with Jumping Knowledge Networks},
  author={Xu, Keyulu and Li, Chengtao and Tian, Yonglong and Sonobe, Tomohiro and Kawarabayashi, Ken-ichi and Jegelka, Stefanie},
  booktitle={International Conference on Machine Learning},
  pages={5453--5462},
  year={2018}
}

@article{ioffe2015batch,
  title={Batch normalization: Accelerating deep network training by reducing internal covariate shift},
  author={Ioffe, Sergey and Szegedy, Christian},
  journal={arXiv:1502.03167},
  year={2015}
}

@article{steger1999generating,
  title={Generating random regular graphs quickly},
  author={Steger, Angelika and Wormald, Nicholas C},
  journal={Combinatorics, Probability and Computing},
  volume={8},
  number={4},
  pages={377--396},
  year={1999},
  publisher={Cambridge University Press}
}

@inproceedings{ding2019cognitive,
    title = "Cognitive Graph for Multi-Hop Reading Comprehension at Scale",
    author = "Ding, Ming  and
      Zhou, Chang  and
      Chen, Qibin  and
      Yang, Hongxia  and
      Tang, Jie",
    booktitle = "Proceedings of the 57th Annual Meeting of the Association for Computational Linguistics",
    month = Jul,
    year = "2019",
    address = "Florence, Italy",
    publisher = "Association for Computational Linguistics",
    url = "https://www.aclweb.org/anthology/P19-1259",
    doi = "10.18653/v1/P19-1259",
    pages = "2694--2703",
    abstract = "We propose a new CogQA framework for multi-hop reading comprehension question answering in web-scale documents. Founded on the dual process theory in cognitive science, the framework gradually builds a \textit{cognitive graph} in an iterative process by coordinating an implicit extraction module (System 1) and an explicit reasoning module (System 2). While giving accurate answers, our framework further provides explainable reasoning paths. Specifically, our implementation based on BERT and graph neural network efficiently handles millions of documents for multi-hop reasoning questions in the HotpotQA fullwiki dataset, achieving a winning joint $F_1$ score of 34.9 on the leaderboard, compared to 23.1 of the best competitor.",
}

@article{morgan1965generation,
  title={The generation of a unique machine description for chemical structures-a technique developed at chemical abstracts service.},
  author={Morgan, Harry L},
  journal={Journal of Chemical Documentation},
  volume={5},
  number={2},
  pages={107--113},
  year={1965},
  publisher={ACS Publications}
}

@inproceedings{you2018gcpn,
  title={Graph convolutional policy network for goal-directed molecular graph generation},
  author={You, Jiaxuan and Liu, Bowen and Ying, Zhitao and Pande, Vijay and Leskovec, Jure},
  booktitle={Neural Information Processing Systems},
  pages={6410--6421},
  year={2018}
}

@misc{preciado2012structural,
    title={Structural Analysis of Viral Spreading Processes in Social and Communication Networks Using Egonets},
    author={Victor M. Preciado and Moez Draief and Ali Jadbabaie},
    year={2012},
    eprint={1209.0341},
    archivePrefix={arXiv},
    primaryClass={math.OC}
}

@article{ulyanov2016instance,
  title={Instance normalization: The missing ingredient for fast stylization},
  author={Ulyanov, Dmitry and Vedaldi, Andrea and Lempitsky, Victor},
  journal={arXiv:1607.08022},
  year={2016}
}

@article{garg2020generalization,
  title={Generalization and representational limits of graph neural networks},
  author={Garg, Vikas K and Jegelka, Stefanie and Jaakkola, Tommi},
  journal={arXiv:2002.06157},
  year={2020}
}

@article{pope2018discovering,
  title={Discovering Molecular Functional Groups Using Graph Convolutional Neural Networks},
  author={Pope, Phillip and Kolouri, Soheil and Rostrami, Mohammad and Martin, Charles and Hoffmann, Heiko},
  journal={arXiv:1812.00265},
  year={2018}
}

@inproceedings{preciado2010local,
  title={From local measurements to network spectral properties: Beyond degree distributions},
  author={Preciado, Victor M and Jadbabaie, Ali},
  booktitle={49th IEEE Conference on Decision and Control (CDC)},
  pages={2686--2691},
  year={2010},
  organization={IEEE}
}

@article{murray2009rise,
  title={The rise of fragment-based drug discovery},
  author={Murray, Christopher W and Rees, David C},
  journal={Nature Chemistry},
  volume={1},
  number={3},
  pages={187},
  year={2009},
  publisher={Nature Publishing Group}
}

@inproceedings{yu-physics,
author = {Yu, Rose and Perdikaris, Paris and Karpatne, Anuj},
title = {Physics-Guided AI for Large-Scale Spatiotemporal Data},
year = {2021},
isbn = {9781450383325},
publisher = {Association for Computing Machinery},
address = {New York, NY, USA},
url = {https://doi.org/10.1145/3447548.3470793},
doi = {10.1145/3447548.3470793},
booktitle = {Proceedings of the 27th ACM SIGKDD Conference on Knowledge Discovery \& Data Mining},
pages = {4088â4089},
numpages = {2},
keywords = {ai for science, deep learning, spatiotemporal, physics-guided machine learning},
location = {Virtual Event, Singapore},
series = {KDD '21}
}

@inproceedings{wang2020towards,
  title={Towards physics-informed deep learning for turbulent flow prediction},
  author={Wang, Rui and Kashinath, Karthik and Mustafa, Mustafa and Albert, Adrian and Yu, Rose},
  booktitle={Proceedings of the 26th ACM SIGKDD International Conference on Knowledge Discovery \& Data Mining},
  pages={1457--1466},
  year={2020}
}

@article{kashinath2021physics,
  title={Physics-informed machine learning: case studies for weather and climate modelling},
  author={Kashinath, K and Mustafa, M and Albert, A and Wu, JL and Jiang, C and Esmaeilzadeh, S and Azizzadenesheli, K and Wang, R and Chattopadhyay, A and Singh, A and others},
  journal={Philosophical Transactions of the Royal Society A},
  volume={379},
  number={2194},
  pages={20200093},
  year={2021},
  publisher={The Royal Society Publishing}
}

@article{jin2020composing,
  title={Composing Molecules with Multiple Property Constraints},
  author={Jin, Wengong and Barzilay, Regina and Jaakkola, Tommi},
  journal={arXiv:2002.03244},
  year={2020}
}

@incollection{you2019g2sat,
title = {G2SAT: Learning to Generate SAT Formulas},
author = {You, Jiaxuan and Wu, Haoze and Barrett, Clark and Ramanujan, Raghuram and Leskovec, Jure},
booktitle = {Neural Information Processing Systems 32},
pages = {10553--10564},
year = {2019},
url = {http://papers.nips.cc/paper/9241-g2sat-learning-to-generate-sat-formulas.pdf}
}

@article{stokes2020deep,
  title={A Deep Learning Approach to Antibiotic Discovery},
  author={Stokes, Jonathan M and Yang, Kevin and Swanson, Kyle and Jin, Wengong and Cubillos-Ruiz, Andres and Donghia, Nina M and MacNair, Craig R and French, Shawn and Carfrae, Lindsey A and Bloom-Ackerman, Zohar and others},
  journal={Cell},
  volume={180},
  number={4},
  pages={688--702},
  year={2020},
  publisher={Elsevier}
}

@article{hu2020open,
  title={Open graph benchmark: Datasets for machine learning on graphs},
  author={Hu, Weihua and Fey, Matthias and Zitnik, Marinka and Dong, Yuxiao and Ren, Hongyu and Liu, Bowen and Catasta, Michele and Leskovec, Jure},
  journal={arXiv:2005.00687},
  year={2020}
}

@inproceedings{hu2019strategies,
  title={Strategies for Pre-training Graph Neural Networks},
  author={Hu, Weihua and Liu, Bowen and Gomes, Joseph and Zitnik, Marinka and Liang, Percy and Pande, Vijay and Leskovec, Jure},
  booktitle={International Conference on Learning Representations},
  year={2019}
}

@article{ramakrishnan2014quantum,
  title={Quantum chemistry structures and properties of 134 kilo molecules},
  author={Ramakrishnan, Raghunathan and Dral, Pavlo O and Rupp, Matthias and Von Lilienfeld, O Anatole},
  journal={Scientific Data},
  volume={1},
  pages={140022},
  year={2014},
  publisher={Nature Publishing Group}
}

@article{wu2018moleculenet,
  title={MoleculeNet: a benchmark for molecular machine learning},
  author={Wu, Zhenqin and Ramsundar, Bharath and Feinberg, Evan N and Gomes, Joseph and Geniesse, Caleb and Pappu, Aneesh S and Leswing, Karl and Pande, Vijay},
  journal={Chemical Science},
  volume={9},
  number={2},
  pages={513--530},
  year={2018},
  publisher={Royal Society of Chemistry}
}

@article{dwivedi2020benchmarking,
  title={Benchmarking graph neural networks},
  author={Dwivedi, Vijay Prakash and Joshi, Chaitanya K and Laurent, Thomas and Bengio, Yoshua and Bresson, Xavier},
  journal={arXiv:2003.00982},
  year={2020}
}

@article{irwin2012zinc,
  title={ZINC: a free tool to discover chemistry for biology},
  author={Irwin, John J and Sterling, Teague and Mysinger, Michael M and Bolstad, Erin S and Coleman, Ryan G},
  journal={Journal of Chemical Information and Modeling},
  volume={52},
  number={7},
  pages={1757--1768},
  year={2012},
  publisher={ACS Publications}
}

@article{puny2020graph,
  title={From graph low-rank global attention to 2-fwl approximation},
  author={Puny, Omri and Ben-Hamu, Heli and Lipman, Yaron},
  journal={arXiv:2006.07846},
  year={2020}
}

@article{hochreiter1997long,
  title={Long short-term memory},
  author={Hochreiter, Sepp and Schmidhuber, J{\"u}rgen},
  journal={Neural Computation},
  volume={9},
  number={8},
  pages={1735--1780},
  year={1997},
  publisher={MIT Press}
}

@online{quartic,
  title={Quartic Graph},
  author={Weisstein, Eric W},
  howpublished = {From MathWorld--A Wolfram Web Resource. \url{ https://mathworld.wolfram.com/QuarticGraph.html}},
  year = {2020}
}

@article{lou2020neural,
  title={Neural Subgraph Matching},
  author={Lou, Zhaoyu and You, Jiaxuan and Wen, Chengtao and Canedo, Arquimedes and Leskovec, Jure and others},
  journal={arXiv:2007.03092},
  year={2020}
}

@article{aniyan2017radio,
   title={Classifying Radio Galaxies with the Convolutional Neural Network},
   volume={230},
   ISSN={1538-4365},
   url={http://dx.doi.org/10.3847/1538-4365/aa7333},
   DOI={10.3847/1538-4365/aa7333},
   number={2},
   journal={The Astrophysical Journal Supplement Series},
   publisher={American Astronomical Society},
   author={Aniyan, A. K. and Thorat, K.},
   year={2017},
   month={Jun},
   pages={20}
}

@article{huertas-company2015galaxy,
   title={A CATALOG OF VISUAL-LIKE MORPHOLOGIES IN THE 5 CANDELS FIELDS USING DEEP LEARNING},
   volume={221},
   ISSN={1538-4365},
   url={http://dx.doi.org/10.1088/0067-0049/221/1/8},
   DOI={10.1088/0067-0049/221/1/8},
   number={1},
   journal={The Astrophysical Journal Supplement Series},
   publisher={American Astronomical Society},
   author={Huertas-Company, M. and Gravet, R. and Cabrera-Vives, G. and PÃ©rez-GonzÃ¡lez, P. G. and Kartaltepe, J. S. and Barro, G. and Bernardi, M. and Mei, S. and Shankar, F. and Dimauro, P. and et al.},
   year={2015},
   month={Oct},
   pages={8}
}

@article{dominguez-sanchez2018galaxy,
   title={Improving galaxy morphologies for SDSS with Deep Learning},
   volume={476},
   ISSN={1365-2966},
   url={http://dx.doi.org/10.1093/mnras/sty338},
   DOI={10.1093/mnras/sty338},
   number={3},
   journal={Monthly Notices of the Royal Astronomical Society},
   publisher={Oxford University Press (OUP)},
   author={DomÃ­nguez SÃ¡nchez, H and Huertas-Company, M and Bernardi, M and Tuccillo, D and Fischer, J L},
   year={2018},
   month={Feb},
   pages={3661â3676}
}

@article{gonzalez2018augment,
title = {Galaxy detection and identification using deep learning and data augmentation},
journal = {Astronomy and Computing},
volume = {25},
pages = {103-109},
year = {2018},
issn = {2213-1337},
doi = {https://doi.org/10.1016/j.ascom.2018.09.004},
url = {https://www.sciencedirect.com/science/article/pii/S2213133718300325},
author = {R.E. GonzÃ¡lez and R.P. MuÃ±oz and C.A. HernÃ¡ndez},
keywords = {Galaxies, General, Techniques, Image processing, Computing methodologies, Machine learning},
}

@article{dieleman2015gzoo,
   title={Rotation-invariant convolutional neural networks for galaxy morphology prediction},
   volume={450},
   ISSN={0035-8711},
   url={http://dx.doi.org/10.1093/mnras/stv632},
   DOI={10.1093/mnras/stv632},
   number={2},
   journal={Monthly Notices of the Royal Astronomical Society},
   publisher={Oxford University Press (OUP)},
   author={Dieleman, Sander and Willett, Kyle W. and Dambre, Joni},
   year={2015},
   month={Apr},
   pages={1441â1459}
}

@article{sanchez-gonzalez2019hamiltonian,
    author = "Sanchez-Gonzalez, Alvaro and Bapst, Victor and Cranmer, Kyle and Battaglia, Peter",
    title = "{Hamiltonian Graph Networks with ODE Integrators}",
    journal = "arXiv:1909.12790",
    archivePrefix = "arXiv",
    primaryClass = "cs.LG",
    year = "2019"
}

@article{fenton2020jet,
    author = "Fenton, Michael James and Shmakov, Alexander and Ho, Ta-Wei and Hsu, Shih-Chieh and Whiteson, Daniel and Baldi, Pierre",
    title = "{Permutationless Many-Jet Event Reconstruction with Symmetry Preserving Attention Networks}",
    journal = "arXiv:2010.09206",
    archivePrefix = "arXiv",
    year = "2020"
}

@article{lee2020jet,
    author = "Lee, Jason Sang Hun and Park, Inkyu and Watson, Ian James and Yang, Seungjin",
    title = "{Zero-Permutation Jet-Parton Assignment using a Self-Attention Network}",
    journal = "arXiv:2012.03542",
    archivePrefix = "arXiv",
    year = "2020"
}

@ARTICLE{roth2021quantum,
       author = {{Roth}, Christopher and {MacDonald}, Allan H.},
        title = "{Group Convolutional Neural Networks Improve Quantum State Accuracy}",
        year = 2021,
        journal = {arXiv:2104.05085},
}

@article{luo2021quantum,
    author = "Luo, Di and Chen, Zhuo and Hu, Kaiwen and Zhao, Zhizhen and Hur, Vera Mikyoung and Clark, Bryan K.",
    title = "{Gauge Invariant Autoregressive Neural Networks for Quantum Lattice Models}",
    journal = "arXiv:2101.07243",
    archivePrefix = "arXiv",
    primaryClass = "cond-mat.str-el",
    year = "2021"
}

@misc{luo2020quantum,
      title={Gauge equivariant neural networks for quantum lattice gauge theories}, 
      author={Di Luo and Giuseppe Carleo and Bryan K. Clark and James Stokes},
      year={2020},
      eprint={2012.05232},
      archivePrefix={arXiv},
      primaryClass={cond-mat.str-el}
}

@article{choo2018quantum,
  title = {Symmetries and Many-Body Excitations with Neural-Network Quantum States},
  author = {Choo, Kenny and Carleo, Giuseppe and Regnault, Nicolas and Neupert, Titus},
  journal = {Physical Review Letters},
  volume = {121},
  issue = {16},
  pages = {167204},
  numpages = {6},
  year = {2018},
  month = {Oct},
  publisher = {American Physical Society},
  doi = {10.1103/PhysRevLett.121.167204},
  url = {https://link.aps.org/doi/10.1103/PhysRevLett.121.167204}
}

@book{fulton2013representation,
  title={Representation theory: a first course},
  author={Fulton, William and Harris, Joe},
  volume={129},
  year={2013},
  publisher={Springer Science \& Business Media}
}

@article{elesedy2021kernel,
  title={Provably Strict Generalisation Benefit for Invariance in Kernel Methods},
  author={Elesedy, Bryn},
  journal={arXiv preprint arXiv:2106.02346},
  year={2021}
}

@article{vieijra2020uantum,
   title={Restricted Boltzmann Machines for Quantum States with Non-Abelian or Anyonic Symmetries},
   volume={124},
   ISSN={1079-7114},
   url={http://dx.doi.org/10.1103/PhysRevLett.124.097201},
   DOI={10.1103/physrevlett.124.097201},
   number={9},
   journal={Physical Review Letters},
   publisher={American Physical Society (APS)},
   author={Vieijra, Tom and Casert, Corneel and Nys, Jannes and De Neve, Wesley and Haegeman, Jutho and Ryckebusch, Jan and Verstraete, Frank},
   year={2020},
   month={Mar}
}


@article{lintott2008gzoo,
    author = {Lintott, Chris J. and Schawinski, Kevin and Slosar, AnÅ¾e and Land, Kate and Bamford, Steven and Thomas, Daniel and Raddick, M. Jordan and Nichol, Robert C. and Szalay, Alex and Andreescu, Dan and Murray, Phil and Vandenberg, Jan},
    title = "{Galaxy Zoo: morphologies derived from visual inspection of galaxies from the Sloan Digital Sky Survey*}",
    journal = {Monthly Notices of the Royal Astronomical Society},
    volume = {389},
    number = {3},
    pages = {1179-1189},
    year = {2008},
    issn = {0035-8711},
    doi = {10.1111/j.1365-2966.2008.13689.x},
    url = {https://doi.org/10.1111/j.1365-2966.2008.13689.x},
    eprint = {https://academic.oup.com/mnras/article-pdf/389/3/1179/3325962/mnras0389-1179.pdf},
}

@misc{li2021hamnet,
      title={HamNet: Conformation-Guided Molecular Representation with Hamiltonian Neural Networks}, 
      author={Ziyao Li and Shuwen Yang and Guojie Song and Lingsheng Cai},
      year={2021},
      eprint={2105.03688},
      archivePrefix={arXiv},
      primaryClass={cs.LG}
}
@inproceedings{radial_basis_func,
    author = {Kristof T. Sch\"{u}tt, Pieter-Jan Kindermans and Huziel E. Sauceda and Stefan Chmiela and Alexandre Tkatchenko and Klaus-Robert M\"{u}ller},
    title = {SchNet: a continuous-filter convolutional neural network for modeling quantum interactions},
    booktitle = {Neural Information Processing Systems},
    year = {2017},
    pages = {992-1002}
}
December 2017 Pages 992â1002
@inproceedings{greydanus2019hamiltonian,
 author = {Greydanus, Samuel and Dzamba, Misko and Yosinski, Jason},
 booktitle = {Neural Information Processing Systems},
 editor = {H. Wallach and H. Larochelle and A. Beygelzimer and F. d\textquotesingle Alch\'{e}-Buc and E. Fox and R. Garnett},
 pages = {},
 publisher = {Curran Associates, Inc.},
 title = {Hamiltonian Neural Networks},
 url = {https://proceedings.neurips.cc/paper/2019/file/26cd8ecadce0d4efd6cc8a8725cbd1f8-Paper.pdf},
 volume = {32},
 year = {2019}
}

@inproceedings{anderson2019cormorant,
     author = {Anderson, Brandon and Hy, Truong Son and Kondor, Risi},
     booktitle = {Neural Information Processing Systems},
     editor = {H. Wallach and H. Larochelle and A. Beygelzimer and F. d\textquotesingle Alch\'{e}-Buc and E. Fox and R. Garnett},
     pages = {},
     publisher = {Curran Associates, Inc.},
     title = {Cormorant: Covariant Molecular Neural Networks},
     url = {https://proceedings.neurips.cc/paper/2019/file/03573b32b2746e6e8ca98b9123f2249b-Paper.pdf},
     volume = {32},
     year = {2019}
}

@misc{wang2021molecular,
      title={Symmetry-adapted graph neural networks for constructing molecular dynamics force fields}, 
      author={Zun Wang and Chong Wang and Sibo Zhao and Shiqiao Du and Yong Xu and Bing-Lin Gu and Wenhui Duan},
      year={2021},
      eprint={2101.02930},
      archivePrefix={arXiv},
      primaryClass={physics.comp-ph}
}

@misc{schutt2021equivariant,
      title={Equivariant message passing for the prediction of tensorial properties and molecular spectra}, 
      author={Kristof T. SchÃ¼tt and Oliver T. Unke and Michael Gastegger},
      year={2021},
      eprint={2102.03150},
      archivePrefix={arXiv},
      primaryClass={cs.LG}
}
@article{karalias2020erdos,
  title={Erdos goes neural: an unsupervised learning framework for combinatorial optimization on graphs},
  author={Karalias, Nikolaos and Loukas, Andreas},
  journal={arXiv:2006.10643},
  year={2020}
}
@article{tahmasebi2020counting,
  title={Counting Substructures with Higher-Order Graph Neural Networks: Possibility and Impossibility Results},
  author={Tahmasebi, Behrooz and Jegelka, Stefanie},
  journal={arXiv:2012.03174},
  year={2020}
}

@article{bengio2020machine,
  title={Machine learning for combinatorial optimization: a methodological tour dâhorizon},
  author={Bengio, Yoshua and Lodi, Andrea and Prouvost, Antoine},
  journal={European Journal of Operational Research},
  year={2020},
  publisher={Elsevier}
}


@article{joshi2019efficient,
  title={An efficient graph convolutional network technique for the travelling salesman problem},
  author={Joshi, Chaitanya K and Laurent, Thomas and Bresson, Xavier},
  journal={arXiv:1906.01227},
  year={2019}
}

@article{cappart2021combinatorial,
  title={Combinatorial optimization and reasoning with graph neural networks},
  author={Cappart, Quentin and Ch{\'e}telat, Didier and Khalil, Elias and Lodi, Andrea and Morris, Christopher and Veli{\v{c}}kovi{\'c}, Petar},
  journal={arXiv:2102.09544},
  year={2021}
}

@article{lecun2015deep,
  title={Deep learning},
  author={LeCun, Yann and Bengio, Yoshua and Hinton, Geoffrey},
  journal={Nature},
  volume={521},
  number={7553},
  pages={436--444},
  year={2015},
  publisher={Nature Publishing Group}
}

@article{cranmer2020lagrangian,
  author    = {Miles D. Cranmer and
               Sam Greydanus and
               Stephan Hoyer and
               Peter W. Battaglia and
               David N. Spergel and
               Shirley Ho},
  title     = {Lagrangian Neural Networks},
  journal   = {arXiv:2003.04630},
  year      = {2020}
}

@conference{lutter2019lagrangian,
  title = {Deep Lagrangian Networks: Using Physics as Model Prior for Deep Learning},
  author = {Lutter, M. and Ritter, C. and Peters, J.},
  booktitle = {7th International Conference on Learning Representations (ICLR)},
  publisher = {ICLR},
  month = May,
  year = {2019},
  url = {https://openreview.net/pdf?id=BklHpjCqKm},
}

@conference{zhong2020symplectic,
  title = {Symplectic ODE-Net: Learning Hamiltonian Dynamics with Control},
  author = {Yaofeng Desmond Zhong and Biswadip Dey and Amit Chakraborty},
  booktitle = {7th International Conference on Learning Representations (ICLR)},
  publisher = {ICLR},
  month = May,
  year = {2020},
  url = {https://openreview.net/forum?id=ryxmb1rKDS},
}

@InProceedings{message_passing_GNN,
  title = 	 {Neural Message Passing for Quantum Chemistry},
  author =       {Justin Gilmer and Samuel S. Schoenholz and Patrick F. Riley and Oriol Vinyals and George E. Dahl},
  booktitle = 	 {Proceedings of the 34th International Conference on Machine Learning},
  pages = 	 {1263--1272},
  year = 	 {2017},
  editor = 	 {Precup, Doina and Teh, Yee Whye},
  volume = 	 {70},
  series = 	 {Proceedings of Machine Learning Research},
  publisher =    {PMLR},
  }
  
@article{boyda2020hsi,
    author = "Boyda, Denis and Kanwar, Gurtej and Racani\`ere, S\'ebastien and Rezende, Danilo Jimenez and Albergo, Michael S. and Cranmer, Kyle and Hackett, Daniel C. and Shanahan, Phiala E.",
    title = "{Sampling using $SU(N)$ gauge equivariant flows}",
    eprint = "2008.05456",
    archivePrefix = "arXiv",
    primaryClass = "hep-lat",
    reportNumber = "MIT-CTP/5228",
    doi = "10.1103/PhysRevD.103.074504",
    journal = "Phys. Rev. D",
    volume = "103",
    number = "7",
    pages = "074504",
    year = "2021"
}

@article{ibort2017new,
  title={A new algorithm for computing branching rules and {C}lebsch-{G}ordan coefficients of unitary representations of compact groups},
  author={Ibort, A and L{\'o}pez Yela, A and Moro, J},
  journal={Journal of Mathematical Physics},
  volume={58},
  number={10},
  pages={101702},
  year={2017},
  publisher={AIP Publishing LLC}
}

@article{alex2011numerical,
  title={A numerical algorithm for the explicit calculation of {SU($N$)} and {SL($N, \mathbb C$)} {C}lebsch-{G}ordan coefficients},
  author={Alex, Arne and Kalus, Matthias and Huckleberry, Alan and von Delft, Jan},
  journal={Journal of Mathematical Physics},
  volume={52},
  number={2},
  pages={023507},
  year={2011},
  publisher={American Institute of Physics}
}

@inproceedings{maron2020learning,
  title={On learning sets of symmetric elements},
  author={Maron, Haggai and Litany, Or and Chechik, Gal and Fetaya, Ethan},
  booktitle={International Conference on Machine Learning},
  pages={6734--6744},
  year={2020},
  organization={PMLR}
}

@book{goodman2009symmetry,
  title={Symmetry, representations, and invariants},
  author={Goodman, Roe and Wallach, Nolan R},
  volume={255},
  year={2009},
  publisher={Springer}
}

@incollection{popov1994invariant,
  title={Invariant theory},
  author={Popov, Vladimir L and Vinberg, Ernest B},
  booktitle={Algebraic geometry IV},
  pages={123--278},
  year={1994},
  publisher={Springer}
}
@inproceedings{zaheer2017deepsets,
 author = {Zaheer, Manzil and Kottur, Satwik and Ravanbakhsh, Siamak and Poczos, Barnabas and Salakhutdinov, Russ R and Smola, Alexander J},
 booktitle = {Advances in Neural Information Processing Systems}, 
 title = {Deep Sets}, 
 volume = {30},
 year = {2017}
}

@inproceedings{wang2021incorporating,
title={Incorporating Symmetry into Deep Dynamics Models for Improved Generalization},
author={Rui Wang and Robin Walters and Rose Yu},
booktitle={International Conference on Learning Representations},
year={2021},
url={https://openreview.net/forum?id=wta_8Hx2KD}
}

@article{ling2016reynolds, 
title={Reynolds averaged turbulence modelling using deep neural networks with embedded invariance}, 
volume={807}, DOI={10.1017/jfm.2016.615}, 
journal={Journal of Fluid Mechanics}, 
publisher={Cambridge University Press}, 
author={Ling, Julia and Kurzawski, Andrew and Templeton, Jeremy}, year={2016}, pages={155â166}}

@article{ling2016machine,
author = {Ling, Julia and Jones, Reese and Templeton, Jeremy},
year = {2016},
month = {05},
pages = {},
title = {Machine learning strategies for systems with invariance properties},
volume = {318},
journal = {Journal of Computational Physics},
doi = {10.1016/j.jcp.2016.05.003}
}

@article{villar2021scalars,
  title={Scalars are universal: Equivariant machine learning, structured like classical physics},
  author={Villar, Soledad and Hogg, David W and Storey-Fisher, Kate and Yao, Weichi and Blum-Smith, Ben},
  journal={Advances in Neural Information Processing Systems},
  volume={34},
  pages={28848--28863},
  year={2021}
}

@article{karniadakis2021physics,
  title={Physics-informed machine learning},
  author={Karniadakis, George Em and Kevrekidis, Ioannis G and Lu, Lu and Perdikaris, Paris and Wang, Sifan and Yang, Liu},
  journal={Nature Reviews Physics},
  volume={3},
  number={6},
  pages={422--440},
  year={2021},
  publisher={Nature Publishing Group}
}

@article{chen2018neural,
  title={Neural ordinary differential equations},
  author={Chen, Ricky TQ and Rubanova, Yulia and Bettencourt, Jesse and Duvenaud, David K},
  journal={Advances in neural information processing systems},
  volume={31},
  year={2018}
}

@article{lawrence2021implicit,
  title={Implicit Bias of Linear Equivariant Networks},
  author={Lawrence, Hannah and Georgiev, Kristian and Dienes, Andrew and Kiani, Bobak T},
  journal={arXiv preprint arXiv:2110.06084},
  year={2021}
}


@article{Bronstein2021GeometricDL,
  title={Geometric Deep Learning: Grids, Groups, Graphs, Geodesics, and Gauges},
  author={Michael M. Bronstein and Joan Bruna and Taco Cohen and Petar Velivckovi'c},
  journal={ArXiv},
  year={2021},
  volume={abs/2104.13478}
}

@article{gripaios2021lorentz,
  title={Lorentz-and permutation-invariants of particles},
  author={Gripaios, Ben and Haddadin, Ward and Lester, Christopher G},
  journal={Journal of Physics A: Mathematical and Theoretical},
  volume={54},
  number={15},
  pages={155201},
  year={2021},
  publisher={IOP Publishing}
}



@inproceedings{awasthi2015relax,
	Author = {Awasthi, Pranjal and Bandeira, Afonso S and Charikar, Moses and Krishnaswamy, Ravishankar and Villar, Soledad and Ward, Rachel},
	Booktitle = {Proceedings of the 2015 Conference on Innovations in Theoretical Computer Science},
	Pages = {191--200},
	Title = {Relax, no need to round: Integrality of clustering formulations},
	Year = {2015}}

@article{mixon2017clustering,
	Author = {Mixon, Dustin G and Villar, Soledad and Ward, Rachel},
	Journal = {Information and Inference: A Journal of the IMA},
	Number = {4},
	Pages = {389--415},
	Publisher = {Oxford University Press},
	Title = {Clustering subgaussian mixtures by semidefinite programming},
	Volume = {6},
	Year = {2017}}

@article{fomel2002fast,
  title={Fast-phase space computation of multiple arrivals},
  author={Fomel, Sergey and Sethian, James A},
  journal={Proceedings of the National Academy of Sciences},
  volume={99},
  number={11},
  pages={7329--7334},
  year={2002},
  publisher={National Acad Sciences}
}

@misc{grayson1997macaulay,
  title={Macaulay 2: a software system for algebraic geometry and commutative algebra, available over the web at http://www. math. uiuc. edu},
  author={Grayson, Daniel and Stillman, Michael},
  year={1997},
  publisher={Macaulay2}
}
@article{monard2014reconstruction,
  title={On reconstruction formulas for the ray transform acting on symmetric differentials on surfaces},
  author={Monard, Fran{\c{c}}ois},
  journal={Inverse Problems},
  volume={30},
  number={6},
  pages={065001},
  year={2014},
  publisher={IOP Publishing}
}
@article{bosma1997magma,
  title={The Magma algebra system I: The user language},
  author={Bosma, Wieb and Cannon, John and Playoust, Catherine},
  journal={Journal of Symbolic Computation},
  volume={24},
  number={3-4},
  pages={235--265},
  year={1997},
  publisher={Elsevier}
}
@article{gala,
  doi = {10.21105/joss.00388},
  url = {https://doi.org/10.21105%2Fjoss.00388},
  year = 2017,
  month = {oct},
  publisher = {The Open Journal},
  volume = {2},
  number = {18},
  author = {Adrian M. Price-Whelan},
  title = {Gala: A Python package for galactic dynamics},
  journal = {The Journal of Open Source Software}
  }
  
  @article{kondor2018clebsch,
  title={Clebsch--gordan nets: a fully fourier space spherical convolutional neural network},
  author={Kondor, Risi and Lin, Zhen and Trivedi, Shubhendu},
  journal={Advances in Neural Information Processing Systems},
  volume={31},
  pages={10117--10126},
  year={2018}
}

@article{holman2018attenuated,
  title={The attenuated geodesic x-ray transform},
  author={Holman, Sean and Monard, Fran{\c{c}}ois and Stefanov, Plamen},
  journal={Inverse Problems},
  volume={34},
  number={6},
  pages={064003},
  year={2018},
  publisher={IOP Publishing}
}

@article{smith2020eikonet,
  title={Eikonet: Solving the eikonal equation with deep neural networks},
  author={Smith, Jonathan D and Azizzadenesheli, Kamyar and Ross, Zachary E},
  journal={IEEE Transactions on Geoscience and Remote Sensing},
  year={2020},
  publisher={IEEE}
}

@article{thiede2021autobahn,
  title={Autobahn: Automorphism-based graph neural nets},
  author={Thiede, Erik and Zhou, Wenda and Kondor, Risi},
  journal={Advances in Neural Information Processing Systems},
  volume={34},
  pages={29922--29934},
  year={2021}
}
@article{thiele2022predicting,
  title={Predicting the Thermal Sunyaev-Zel'dovich Field using Modular and Equivariant Set-Based Neural Networks},
  author={Thiele, Leander and Cranmer, Miles and Coulton, William and Ho, Shirley and Spergel, David N},
  journal={arXiv preprint arXiv:2203.00026},
  year={2022}
}



@article{thiery2000algebraic,
  title={Algebraic invariants of graphs; a study based on computer exploration},
  author={Thi{\'e}ry, Nicolas M},
  journal={ACM SIGSAM Bulletin},
  volume={34},
  number={3},
  pages={9--20},
  year={2000},
  publisher={ACM New York, NY, USA}
}

@article{wang2022data,
  title={Data Augmentation vs. Equivariant Networks: A Theory of Generalization on Dynamics Forecasting},
  author={Wang, Rui and Walters, Robin and Yu, Rose},
  journal={arXiv preprint arXiv:2206.09450},
  year={2022}
}

@inproceedings{gerken2022equivariance,
  title={Equivariance versus Augmentation for Spherical Images},
  author={Gerken, Jan and Carlsson, Oscar and Linander, Hampus and Ohlsson, Fredrik and Petersson, Christoffer and Persson, Daniel},
  booktitle={International Conference on Machine Learning},
  pages={7404--7421},
  year={2022},
  organization={PMLR}
}

@article{gasteiger2021gemnet,
  title={Gemnet: Universal directional graph neural networks for molecules},
  author={Gasteiger, Johannes and Becker, Florian and G{\"u}nnemann, Stephan},
  journal={Advances in Neural Information Processing Systems},
  volume={34},
  pages={6790--6802},
  year={2021}
}
@inproceedings{segol2019universal,
  title={On Universal Equivariant Set Networks},
  author={Segol, Nimrod and Lipman, Yaron},
  booktitle={International Conference on Learning Representations},
  year={2019}
}

@article{iguchi2015probably,
	Author = {Iguchi, Takayuki and Mixon, Dustin G and Peterson, Jesse and Villar, Soledad},
	Journal = {Mathematical Programming},
	Title = {Probably certifiably correct k-means clustering},
	Year = {2015}}

@article{iguchi2015tightness,
	Author = {Iguchi, Takayuki and Mixon, Dustin G and Peterson, Jesse and Villar, Soledad},
	Journal = {arXiv preprint arXiv:1505.04778},
	Title = {On the tightness of an SDP relaxation of k-means},
	Year = {2015}}

@inproceedings{nowak2017note,
	Author = {Nowak, Alex and Villar, Soledad and Bandeira, Afonso S and Bruna, Joan},
	Booktitle = {Proceeding of the 34th International Conference on Machine Learning (ICML)},
	Pages = {22},
	Title = {A note on learning algorithms for quadratic assignment with graph neural networks},
	Volume = {1050},
	Year = {2017}}

@article{villar2016polynomial,
	Author = {Villar, Soledad and Bandeira, Afonso S and Blumberg, Andrew J and Ward, Rachel},
	Journal = {arXiv preprint arXiv:1610.05214},
	Title = {A polynomial-time relaxation of the Gromov-Hausdorff distance},
	Year = {2016}}

@inproceedings{onaran2017projected,
	Author = {Onaran, Efe and Villar, Soledad},
	Booktitle = {Wavelets and Sparsity XVII},
	Organization = {International Society for Optics and Photonics},
	Pages = {103941C},
	Title = {Projected power iteration for network alignment},
	Volume = {10394},
	Year = {2017}}

@inproceedings{carson2017manifold,
	Author = {Carson, Timothy and Mixon, Dustin G and Villar, Soledad},
	Booktitle = {2017 International Conference on Sampling Theory and Applications (SampTA)},
	Organization = {IEEE},
	Pages = {73--77},
	Title = {Manifold optimization for k-means clustering},
	Year = {2017}}

@article{mixon2017monte,
	Author = {Mixon, Dustin G and Villar, Soledad},
	Journal = {arXiv preprint arXiv:1710.00956},
	Title = {Monte Carlo approximation certificates for k-means clustering},
	Year = {2017}}

@inproceedings{mixon2016clustering,
	Author = {Mixon, Dustin G and Villar, Soledad and Ward, Rachel},
	Booktitle = {Information Theory Workshop (ITW), 2016 IEEE},
	Organization = {IEEE},
	Pages = {211--215},
	Title = {Clustering subgaussian mixtures with k-means},
	Year = {2016}}

@article{mixon2018sunlayer,
	Author = {Mixon, Dustin G and Villar, Soledad},
	Journal = {arXiv preprint arXiv:1803.09319},
	Title = {Sunlayer: Stable denoising with generative networks},
	Year = {2018}}

@inproceedings{nowak2018revised,
	Author = {Nowak, Alex and Villar, Soledad and Bandeira, Afonso S and Bruna, Joan},
	Booktitle = {2018 IEEE Data Science Workshop (DSW)},
	Organization = {IEEE},
	Pages = {1--5},
	Title = {Revised note on learning quadratic assignment with graph neural networks},
	Year = {2018}}

@article{kueng2019fair,
	Author = {Kueng, Richard and Mixon, Dustin G and Villar, Soledad},
	Journal = {Theoretical Computer Science},
	Pages = {28--35},
	Publisher = {Elsevier},
	Title = {Fair redistricting is hard},
	Volume = {791},
	Year = {2019}}

@article{mcwhirter2018squeezefit,
	Author = {McWhirter, Culver and Mixon, Dustin G and Villar, Soledad},
	Journal = {arXiv preprint arXiv:1812.02768},
	Title = {Squeezefit: Label-aware dimensionality reduction by semidefinite programming},
	Year = {2018}}

@article{dumitrascu2021optimal,
	Author = {Dumitrascu, Bianca and Villar, Soledad and Mixon, Dustin G and Engelhardt, Barbara E},
	Journal = {Nature communications},
	Number = {1},
	Pages = {1--8},
	Publisher = {Nature Publishing Group},
	Title = {Optimal marker gene selection for cell type discrimination in single cell analyses},
	Volume = {12},
	Year = {2021}}





@inproceedings{onaran2020efficient,
	Author = {Onaran, Efe and Villar, Soledad},
	Booktitle = {ICASSP 2020-2020 IEEE International Conference on Acoustics, Speech and Signal Processing (ICASSP)},
	Organization = {IEEE},
	Pages = {9060--9064},
	Title = {Efficient Belief Propagation for Graph Matching},
	Year = {2020}}

@article{mcwhirter2019squeezefit,
	Author = {McWhirter, Culver and Mixon, Dustin G and Villar, Soledad},
	Journal = {IEEE Transactions on Information Theory},
	Number = {6},
	Pages = {3878--3892},
	Publisher = {IEEE},
	Title = {SqueezeFit: Label-Aware Dimensionality Reduction by Semidefinite Programming},
	Volume = {66},
	Year = {2019}}

@article{notices,
	Author = {Daniel Campos and Manuel Rivera and Mar\'ia Amelia Salazar and Jos\'e Alejandro Samper and Jose Simental and Soledad Villar},
	Journal = {Notices of the American Mathematical Society},
	Pages = {793--797},
	Publisher = {AMS},
	Title = {Cibercoloquio Latinoamericano de Matem\'aticas},
	Volume = {5},
	Year = {2021}}

@article{frederick2020seabed,
	Author = {Frederick, Christina and Villar, Soledad and Michalopoulou, Zoi-Heleni},
	Journal = {The Journal of the Acoustical Society of America},
	Number = {2},
	Pages = {859--872},
	Publisher = {Acoustical Society of America},
	Title = {Seabed classification using physics-based modeling and machine learning},
	Volume = {148},
	Year = {2020}}

@article{blumberg2020mrec,
	Author = {Blumberg, Andrew J and Carriere, Mathieu and Mandell, Michael A and Rabadan, Raul and Villar, Soledad},
	Journal = {arXiv preprint arXiv:2001.01666},
	Title = {MREC: a fast and versatile framework for aligning and matching point clouds with applications to single cell molecular data},
	Year = {2020}}

@article{huang2020dimensionality,
	Author = {Huang, Ningyuan and Hogg, David W and Villar, Soledad},
	Journal = {arXiv preprint arXiv:2011.11477},
	Title = {Dimensionality reduction, regularization, and generalization in overparameterized regressions},
	Year = {2020}}

@article{hogg2021fitting,
	Author = {Hogg, David W and Villar, Soledad},
	Journal = {arXiv preprint arXiv:2101.07256},
	Title = {Fitting very flexible models: Linear regression with large numbers of parameters},
	Year = {2021}}
	

@INPROCEEDINGS{huang2021short,
  author={Huang, Ningyuan Teresa and Villar, Soledad},
  booktitle={ICASSP 2021 - 2021 IEEE International Conference on Acoustics, Speech and Signal Processing (ICASSP)}, 
  title={A Short Tutorial on The Weisfeiler-Lehman Test And Its Variants}, 
  year={2021},
  volume={},
  number={},
  pages={8533-8537}
  }
  
  @article{noether,
  title={Invariant variation problems},
  author={Noether, Emmy},
  journal={Transport Theory and Statistical Physics},
  volume={1},
  number={3},
  pages={186--207},
  year={1971},
  publisher={Taylor \& Francis}
}

@book{jackson,
      author        = "Jackson, John David",
      title         = "{Classical Electrodynamics; 2nd ed.}",
      publisher     = "Wiley",
      address       = "New York, NY",
      year          = "1975",
      url           = "https://cds.cern.ch/record/100964",
}

@article{cpt,
    author = "Luders, Gerhart",
    title = "{On the Equivalence of Invariance under Time Reversal and under Particle-Antiparticle Conjugation for Relativistic Field Theories}",
    journal = "Kong. Dan. Vid. Sel. Mat. Fys. Med.",
    volume = "28N5",
    number = "5",
    pages = "1--17",
    year = "1954"
}



@inproceedings{zhao2020quaternion,
  title={Quaternion equivariant capsule networks for 3d point clouds},
  author={Zhao, Yongheng and Birdal, Tolga and Lenssen, Jan Eric and Menegatti, Emanuele and Guibas, Leonidas and Tombari, Federico},
  booktitle={European Conference on Computer Vision},
  pages={1--19},
  year={2020},
  organization={Springer}
}


@article{enequivariant,
  author    = {Victor Garcia Satorras and
               Emiel Hoogeboom and
               Max Welling},
  title     = {E(n) Equivariant Graph Neural Networks},
  journal   = {arXiv:2102.09844},
  year      = {2021}
}

@article{hamiltonian,
  author    = {Alvaro Sanchez{-}Gonzalez and
               Victor Bapst and
               Kyle Cranmer and
               Peter W. Battaglia},
  title     = {Hamiltonian Graph Networks with {ODE} Integrators},
  journal   = {arXiv:1909.12790},
  year      = {2019},
  url       = {http://arxiv.org/abs/1909.12790},
  archivePrefix = {arXiv},
  eprint    = {1909.12790},
  timestamp = {Wed, 02 Oct 2019 13:04:08 +0200},
  biburl    = {https://dblp.org/rec/journals/corr/abs-1909-12790.bib},
  bibsource = {dblp computer science bibliography, https://dblp.org}
}

@article{wiersma2020cnns,
  title={Cnns on surfaces using rotation-equivariant features},
  author={Wiersma, Ruben and Eisemann, Elmar and Hildebrandt, Klaus},
  journal={ACM Transactions on Graphics (TOG)},
  volume={39},
  number={4},
  pages={92--1},
  year={2020},
  publisher={ACM New York, NY, USA}
}
@inproceedings{masci2015geodesic,
  title={Geodesic convolutional neural networks on riemannian manifolds},
  author={Masci, Jonathan and Boscaini, Davide and Bronstein, Michael and Vandergheynst, Pierre},
  booktitle={Proceedings of the IEEE international conference on computer vision workshops},
  pages={37--45},
  year={2015}
}

@article{de2020gauge,
  title={Gauge equivariant mesh cnns: Anisotropic convolutions on geometric graphs},
  author={De Haan, Pim and Weiler, Maurice and Cohen, Taco and Welling, Max},
  journal={arXiv preprint arXiv:2003.05425},
  year={2020}
}

@inproceedings{monti2017geometric,
  title={Geometric deep learning on graphs and manifolds using mixture model cnns},
  author={Monti, Federico and Boscaini, Davide and Masci, Jonathan and Rodola, Emanuele and Svoboda, Jan and Bronstein, Michael M},
  booktitle={Proceedings of the IEEE conference on computer vision and pattern recognition},
  pages={5115--5124},
  year={2017}
}
@inproceedings{huang2019texturenet,
  title={Texturenet: Consistent local parametrizations for learning from high-resolution signals on meshes},
  author={Huang, Jingwei and Zhang, Haotian and Yi, Li and Funkhouser, Thomas and Nie{\ss}ner, Matthias and Guibas, Leonidas J},
  booktitle={Proceedings of the IEEE/CVF Conference on Computer Vision and Pattern Recognition},
  pages={4440--4449},
  year={2019}
}

@inproceedings{sun2020zernet,
  title={Zernet: Convolutional neural networks on arbitrary surfaces via zernike local tangent space estimation},
  author={Sun, Zhiyu and Rooke, Ethan and Charton, Jerome and He, Yusen and Lu, Jia and Baek, Stephen},
  booktitle={Computer Graphics Forum},
  volume={39},
  number={6},
  pages={204--216},
  year={2020},
  organization={Wiley Online Library}
}

@article{poulenard2018multi,
  title={Multi-directional geodesic neural networks via equivariant convolution},
  author={Poulenard, Adrien and Ovsjanikov, Maks},
  journal={ACM Transactions on Graphics (TOG)},
  volume={37},
  number={6},
  pages={1--14},
  year={2018},
  publisher={ACM New York, NY, USA}
}

@article{roth1981rigid,
  title={Rigid and flexible frameworks},
  author={Roth, Ben},
  journal={The American Mathematical Monthly},
  volume={88},
  number={1},
  pages={6--21},
  year={1981},
  publisher={Taylor \& Francis}
}
@article{sharp2019vector,
  title={The vector heat method},
  author={Sharp, Nicholas and Soliman, Yousuf and Crane, Keenan},
  journal={ACM Transactions on Graphics (TOG)},
  volume={38},
  number={3},
  pages={1--19},
  year={2019},
  publisher={ACM New York, NY, USA}
}
@article{pimentel2016characterization,
  title={A characterization of deterministic sampling patterns for low-rank matrix completion},
  author={Pimentel-Alarc{\'o}n, Daniel L and Boston, Nigel and Nowak, Robert D},
  journal={IEEE Journal of Selected Topics in Signal Processing},
  volume={10},
  number={4},
  pages={623--636},
  year={2016},
  publisher={IEEE}
}
@article{beatson1997short,
  title={A short course on fast multipole methods},
  author={Beatson, Rick and Greengard, Leslie},
  journal={Wavelets, Multilevel Methods and Elliptic PDEs},
  volume={1},
  pages={1--37},
  year={1997},
  publisher={Leicester}
}
@article{madry2017towards,
  title={Towards deep learning models resistant to adversarial attacks},
  author={Madry, Aleksander and Makelov, Aleksandar and Schmidt, Ludwig and Tsipras, Dimitris and Vladu, Adrian},
  journal={arXiv preprint arXiv:1706.06083},
  year={2017}
}
@article{goodfellow2014explaining,
  title={Explaining and harnessing adversarial examples},
  author={Goodfellow, Ian J and Shlens, Jonathon and Szegedy, Christian},
  journal={arXiv preprint arXiv:1412.6572},
  year={2014}
}
@inproceedings{szegedy2014intriguing,
  title={Intriguing properties of neural networks},
  author={Szegedy, Christian and Zaremba, Wojciech and Sutskever, Ilya and Bruna, Joan and Erhan, Dumitru and Goodfellow, Ian and Fergus, Rob},
  booktitle={2nd International Conference on Learning Representations, ICLR 2014},
  year={2014}
}

@article{singer2010uniqueness,
  title={Uniqueness of low-rank matrix completion by rigidity theory},
  author={Singer, Amit and Cucuringu, Mihai},
  journal={SIAM Journal on Matrix Analysis and Applications},
  volume={31},
  number={4},
  pages={1621--1641},
  year={2010},
  publisher={SIAM}
}




@book{trefethen1997numerical,
  title={Numerical linear algebra},
  author={Trefethen, Lloyd N and Bau III, David},
  volume={50},
  year={1997},
  publisher={Siam}
}


@article{weiler2021coordinate,
  title={Coordinate Independent Convolutional Networks--Isometry and Gauge Equivariant Convolutions on Riemannian Manifolds},
  author={Weiler, Maurice and Forr{\'e}, Patrick and Verlinde, Erik and Welling, Max},
  journal={arXiv preprint arXiv:2106.06020},
  year={2021}
}

@article{jenner2021steerable,
  title={Steerable Partial Differential Operators for Equivariant Neural Networks},
  author={Jenner, Erik and Weiler, Maurice},
  journal={arXiv preprint arXiv:2106.10163},
  year={2021}
}

@inproceedings{wang2021bridging,
  title={Bridging Physics-based and Data-driven modeling for Learning Dynamical Systems},
  author={Wang, Rui and Maddix, Danielle and Faloutsos, Christos and Wang, Yuyang and Yu, Rose},
  booktitle={Learning for Dynamics and Control},
  pages={385--398},
  year={2021},
  organization={PMLR}
}

@article{jumper2021highly,
  title={Highly accurate protein structure prediction with AlphaFold},
  author={Jumper, John and Evans, Richard and Pritzel, Alexander and Green, Tim and Figurnov, Michael and Ronneberger, Olaf and Tunyasuvunakool, Kathryn and Bates, Russ and {\v{Z}}{\'\i}dek, Augustin and Potapenko, Anna and others},
  journal={Nature},
  volume={596},
  number={7873},
  pages={583--589},
  year={2021},
  publisher={Nature Publishing Group}
}

@article{kevrekidis2021reaction,
  title={Reaction-diffusion spatial modeling of COVID-19: Greece and Andalusia as case examples},
  author={Kevrekidis, Panayotis G and Cuevas-Maraver, Jes{\'u}s and Drossinos, Yannis and Rapti, Zoi and Kevrekidis, George A},
  journal={Physical Review E},
  volume={104},
  number={2},
  pages={024412},
  year={2021},
  publisher={APS}
}

@article{dietrich2021learning,
  title={Learning effective stochastic differential equations from microscopic simulations: combining stochastic numerics and deep learning},
  author={Dietrich, Felix and Makeev, Alexei and Kevrekidis, George and Evangelou, Nikolaos and Bertalan, Tom and Reich, Sebastian and Kevrekidis, Ioannis G},
  journal={arXiv preprint arXiv:2106.09004},
  year={2021}
}
@article{cuevas2021lockdown,
  title={Lockdown Measures and their Impact on Single-and Two-age-structured Epidemic Model for the COVID-19 Outbreak in Mexico},
  author={Cuevas-Maraver, Jes{\'u}s and Kevrekidis, Panayotis G and Chen, Qian-Yong and Kevrekidis, George A and Villalobos-Daniel, V{\'\i}ctor and Rapti, Zoi and Drossinos, Yannis},
  journal={Mathematical biosciences},
  volume={336},
  pages={108590},
  year={2021},
  publisher={Elsevier}
}

@article{evangelou2021parameter,
  title={On the Parameter Combinations That Matter and on Those That do Not},
  author={Evangelou, Nikolaos and Wichrowski, Noah J and Kevrekidis, George A and Dietrich, Felix and Kooshkbaghi, Mahdi and McFann, Sarah and Kevrekidis, Ioannis G},
  journal={arXiv preprint arXiv:2110.06717},
  year={2021}
}
@article{baek2021accurate,
  title={Accurate prediction of protein structures and interactions using a three-track neural network},
  author={Baek, Minkyung and DiMaio, Frank and Anishchenko, Ivan and Dauparas, Justas and Ovchinnikov, Sergey and Lee, Gyu Rie and Wang, Jue and Cong, Qian and Kinch, Lisa N and Schaeffer, R Dustin and others},
  journal={Science},
  volume={373},
  number={6557},
  pages={871--876},
  year={2021},
  publisher={American Association for the Advancement of Science}
}

@inproceedings{wang2020towards,
  title={Towards physics-informed deep learning for turbulent flow prediction},
  author={Wang, Rui and Kashinath, Karthik and Mustafa, Mustafa and Albert, Adrian and Yu, Rose},
  booktitle={Proceedings of the 26th ACM SIGKDD International Conference on Knowledge Discovery \& Data Mining},
  pages={1457--1466},
  year={2020}
}



@inproceedings{candes2008exact,
  title={Exact low-rank matrix completion via convex optimization},
  author={Candes, Emmanuel J and Recht, Benjamin},
  booktitle={2008 46th Annual Allerton Conference on Communication, Control, and Computing},
  pages={806--812},
  year={2008},
  organization={IEEE}
}

}
@inproceedings{qi2017pointnet++,
  title={PointNet++ deep hierarchical feature learning on point sets in a metric space},
  author={Qi, Charles R and Yi, Li and Su, Hao and Guibas, Leonidas J},
  booktitle={Neural Information Processing Systems},
  pages={5105--5114},
  year={2017}
}
@article{bouritsas2020improving,
  title={Improving graph neural network expressivity via subgraph isomorphism counting},
  author={Bouritsas, Giorgos and Frasca, Fabrizio and Zafeiriou, Stefanos and Bronstein, Michael M},
  journal={arXiv:2006.09252},
  year={2020}
}



@inproceedings{zhang2019rotation,
  title={Rotation invariant convolutions for 3d point clouds deep learning},
  author={Zhang, Zhiyuan and Hua, Binh-Son and Rosen, David W and Yeung, Sai-Kit},
  booktitle={2019 International Conference on 3D Vision (3DV)},
  pages={204--213},
  year={2019},
  organization={IEEE}
}


@article{lecun1989backpropagation,
	Author = {LeCun, Yann and Boser, Bernhard and Denker, John S and Henderson, Donnie and Howard, Richard E and Hubbard, Wayne and Jackel, Lawrence D},
	Journal = {Neural Computation},
	Number = {4},
	Pages = {541--551},
	Publisher = {MIT Press},
	Title = {Backpropagation applied to handwritten zip code recognition},
	Volume = {1},
	Year = {1989}}

@article{guo2020deep,
  title={Deep learning for 3d point clouds: A survey},
  author={Guo, Yulan and Wang, Hanyun and Hu, Qingyong and Liu, Hao and Liu, Li and Bennamoun, Mohammed},
  journal={IEEE Transactions on Pattern Analysis and machine intelligence},
  year={2020},
  publisher={IEEE}
}


@inproceedings{DeterministicSPSMCompletion,
 author = {Bishop, William E and Yu, Byron M},
 booktitle = {Neural Information Processing Systems},
 title = {Deterministic Symmetric Positive Semidefinite Matrix Completion},
 volume = {27},
 year = {2014}
}

@inproceedings{keriven2019universal,
  title={Universal invariant and equivariant graph neural networks},
  author={Keriven, Nicolas and Peyr{\'e}, Gabriel},
  booktitle={Neural Information Processing Systems},
  pages={7092--7101},
  year={2019}
}

@inproceedings{maron2019universality,
  title={On the Universality of Invariant Networks},
  author={Maron, Haggai and Fetaya, Ethan and Segol, Nimrod and Lipman, Yaron},
  booktitle={International Conference on Machine Learning},
  pages={4363--4371},
  year={2019}
}

@inproceedings{maron2019provably,
  title={Provably powerful graph networks},
  author={Maron, Haggai and Ben-Hamu, Heli and Serviansky, Hadar and Lipman, Yaron},
  booktitle={Neural Information Processing Systems},
  pages={2153--2164},
  year={2019}
}

@inproceedings{defferrard2016convolutional,
  title={Convolutional neural networks on graphs with fast localized spectral filtering},
  author={Defferrard, Micha{\"e}l and Bresson, Xavier and Vandergheynst, Pierre},
  booktitle={neural information processing systems},
  pages={3844--3852},
  year={2016}
}

@inproceedings{loukas2019graph,
  title={What graph neural networks cannot learn: depth vs width},
  author={Loukas, Andreas},
  booktitle={International Conference on Learning Representations},
  year={2019}
}

@inproceedings{ying2018graph,
  title={Graph convolutional neural networks for web-scale recommender systems},
  author={Ying, Rex and He, Ruining and Chen, Kaifeng and Eksombatchai, Pong and Hamilton, William L and Leskovec, Jure},
  booktitle={Proceedings of the 24th ACM SIGKDD International Conference on Knowledge Discovery \& Data Mining},
  pages={974--983},
  year={2018}
}

@article{maron2019open,
  title={Open Problems: Approximation Power of Invariant Graph Networks},
  author={Maron, Haggai and Ben-Hamu, Heli and Lipman, Yaron},
  year={2019}
}


@article{zhou2018graph,
  title={Graph neural networks: A review of methods and applications},
  author={Zhou, Jie and Cui, Ganqu and Zhang, Zhengyan and Yang, Cheng and Liu, Zhiyuan and Wang, Lifeng and Li, Changcheng and Sun, Maosong},
  journal={arXiv:1812.08434},
  year={2018}
}

@inproceedings{choma2018graph,
  title={Graph neural networks for icecube signal classification},
  author={Choma, Nicholas and Monti, Federico and Gerhardt, Lisa and Palczewski, Tomasz and Ronaghi, Zahra and Prabhat, Prabhat and Bhimji, Wahid and Bronstein, Michael and Klein, Spencer and Bruna, Joan},
  booktitle={2018 17th IEEE International Conference on Machine Learning and Applications (ICMLA)},
  pages={386--391},
  year={2018},
  organization={IEEE}
}

@article{zou2019graph,
  title={Graph convolutional neural networks via scattering},
  author={Zou, Dongmian and Lerman, Gilad},
  journal={Applied and Computational Harmonic Analysis},
  year={2019},
  publisher={Elsevier}
}

@article{alon2008biomolecular,
  title={Biomolecular network motif counting and discovery by color coding},
  author={Alon, Noga and Dao, Phuong and Hajirasouliha, Iman and Hormozdiari, Fereydoun and Sahinalp, S Cenk},
  journal={Bioinformatics},
  volume={24},
  number={13},
  pages={i241--i249},
  year={2008},
  publisher={Oxford University Press}
}

@article{von2007tutorial,
  title={A tutorial on spectral clustering},
  author={Von Luxburg, Ulrike},
  journal={Statistics and Computing},
  volume={17},
  number={4},
  pages={395--416},
  year={2007},
  publisher={Springer}
}

@article{arvind2018weisfeiler,
  title={On Weisfeiler-Leman invariance: subgraph counts and related graph properties},
  author={Arvind, Vikraman and Fuhlbr{\"u}ck, Frank and K{\"o}bler, Johannes and Verbitsky, Oleg},
  journal={Journal of Computer and System Sciences},
  year={2020},
  publisher={Elsevier}
}

@inproceedings{shervashidze2009efficient,
  title={Efficient graphlet kernels for large graph comparison},
  author={Shervashidze, Nino and Vishwanathan, SVN and Petri, Tobias and Mehlhorn, Kurt and Borgwardt, Karsten},
  booktitle={Artificial Intelligence and Statistics},
  pages={488--495},
  year={2009}
}


@article{leshno1993multilayer,
  title={Multilayer feedforward networks with a nonpolynomial activation function can approximate any function},
  author={Leshno, Moshe and Lin, Vladimir Ya and Pinkus, Allan and Schocken, Shimon},
  journal={Neural Networks},
  volume={6},
  number={6},
  pages={861--867},
  year={1993},
  publisher={Elsevier}
}

@inproceedings{bogatskiy2020lorentz,
  title={Lorentz group equivariant neural network for particle physics},
  author={Bogatskiy, Alexander and Anderson, Brandon and Offermann, Jan and Roussi, Marwah and Miller, David and Kondor, Risi},
  booktitle={International Conference on Machine Learning},
  pages={992--1002},
  year={2020},
  organization={PMLR}
}

@article{cranmer2020discovering,
  title={Discovering symbolic models from deep learning with inductive biases},
  author={Cranmer, Miles and Sanchez-Gonzalez, Alvaro and Battaglia, Peter and Xu, Rui and Cranmer, Kyle and Spergel, David and Ho, Shirley},
  journal={arXiv preprint arXiv:2006.11287},
  year={2020}
}

@article{nowak2017note,
  title={A note on learning algorithms for quadratic assignment with graph neural networks},
  author={Nowak, Alex and Villar, Soledad and Bandeira, Afonso S and Bruna, Joan},
  journal={arXiv:1706.07450},
  year={2017}
}

@article{weisfeiler1968reduction,
  title={The reduction of a graph to canonical form and the algebra which appears therein},
  author={Weisfeiler, B and Leman, A},
  journal={Nauchno-Technicheskaya Informatsia},
  year={1968},
  volume={2(9):12-16}
}



@article{kipf2016semi,
  title={Semi-supervised classification with graph convolutional networks},
  author={Kipf, Thomas N and Welling, Max},
  journal={arXiv:1609.02907},
  year={2016}
}

@article{lim2022sign,
  title={Sign and Basis Invariant Networks for Spectral Graph Representation Learning},
  author={Lim, Derek and Robinson, Joshua and Zhao, Lingxiao and Smidt, Tess and Sra, Suvrit and Maron, Haggai and Jegelka, Stefanie},
  journal={arXiv preprint arXiv:2202.13013},
  year={2022}
}

@inproceedings{satorras2021n,
  title={E (n) equivariant graph neural networks},
  author={Satorras, V{\i}ctor Garcia and Hoogeboom, Emiel and Welling, Max},
  booktitle={International conference on machine learning},
  pages={9323--9332},
  year={2021},
  organization={PMLR}
}

@article{aghanim2020planck,
  title={Planck 2018 results-VI. Cosmological parameters},
  author={Aghanim, Nabila and Akrami, Yashar and Ashdown, Mark and Aumont, J and Baccigalupi, C and Ballardini, M and Banday, AJ and Barreiro, RB and Bartolo, N and Basak, S and others},
  journal={Astronomy \& Astrophysics},
  volume={641},
  pages={A6},
  year={2020},
  publisher={EDP sciences}
}

@article{hamilton2017representation,
  title={Representation learning on graphs: Methods and applications},
  author={Hamilton, William L and Ying, Rex and Leskovec, Jure},
  journal={arXiv:1709.05584},
  year={2017}
}

@inproceedings{velivckovic2017graph,
  title={Graph Attention Networks},
  author={Veli{\v{c}}kovi{\'c}, Petar and Cucurull, Guillem and Casanova, Arantxa and Romero, Adriana and Li{\`o}, Pietro and Bengio, Yoshua},
  booktitle={International Conference on Learning Representations},
  year={2018}
}

@article{cipra2000best,
  title={The best of the 20th century: Editors name top 10 algorithms},
  author={Cipra, Barry A},
  journal={SIAM news},
  volume={33},
  number={4},
  pages={1--2},
  year={2000}
}

@inproceedings{zhang2018link,
  title={Link prediction based on graph neural networks},
  author={Zhang, Muhan and Chen, Yixin},
  booktitle={Neural Information Processing Systems},
  pages={5165--5175},
  year={2018}
}
@article{sengupta2009caenorhabditis,
  title={Caenorhabditis elegans: a model system for systems neuroscience},
  author={Sengupta, Piali and Samuel, Aravinthan DT},
  journal={Current opinion in neurobiology},
  volume={19},
  number={6},
  pages={637--643},
  year={2009},
  publisher={Elsevier}
}

@article{mattheakis2020hamiltonian,
  title={Hamiltonian Neural Networks for solving differential equations},
  author={Mattheakis, Marios and Sondak, David and Dogra, Akshunna S and Protopapas, Pavlos},
  journal={arXiv preprint arXiv:2001.11107},
  year={2020}
}

@article{farrell2018single,
  title={Single-cell reconstruction of developmental trajectories during zebrafish embryogenesis},
  author={Farrell, Jeffrey A and Wang, Yiqun and Riesenfeld, Samantha J and Shekhar, Karthik and Regev, Aviv and Schier, Alexander F},
  journal={Science},
  volume={360},
  number={6392},
  year={2018},
  publisher={American Association for the Advancement of Science}
}

@inproceedings{yao2019experimental,
  title={Experimental performance of graph neural networks on random instances of max-cut},
  author={Yao, Weichi and Bandeira, Afonso S and Villar, Soledad},
  booktitle={Wavelets and Sparsity XVIII},
  volume={11138},
  pages={111380S},
  year={2019},
  organization={International Society for Optics and Photonics}
}


@book{derksen2015computational,
  title={Computational invariant theory},
  author={Derksen, Harm and Kemper, Gregor},
  year={2015},
  publisher={Springer}
}



@inproceedings{hamilton2017inductive,
  title={Inductive representation learning on large graphs},
  author={Hamilton, Will and Ying, Zhitao and Leskovec, Jure},
  booktitle={Neural Information Processing Systems},
  pages={1024--1034},
  year={2017}
}

@article{wu2019comprehensive,
  title={A comprehensive survey on graph neural networks},
  author={Wu, Zonghan and Pan, Shirui and Chen, Fengwen and Long, Guodong and Zhang, Chengqi and Yu, Philip S},
  journal={arXiv:1901.00596},
  year={2019}
}

@article{cybenko1989approximation,
  title={Approximation by superpositions of a sigmoidal function},
  author={Cybenko, George},
  journal={Mathematics of Control, Signals and Systems},
  volume={2},
  number={4},
  pages={303--314},
  year={1989},
  publisher={Springer}
}

@inproceedings{herzig2018mapping,
  title={Mapping images to scene graphs with permutation-invariant structured prediction},
  author={Herzig, Roei and Raboh, Moshiko and Chechik, Gal and Berant, Jonathan and Globerson, Amir},
  booktitle={Neural Information Processing Systems},
  pages={7211--7221},
  year={2018}
}

@inproceedings{murphy2019relational,
  title={Relational Pooling for Graph Representations},
  author={Murphy, Ryan and Srinivasan, Balasubramaniam and Rao, Vinayak and Ribeiro, Bruno},
  booktitle={International Conference on Machine Learning},
  pages={4663--4673},
  year={2019}
}

@article{bloemreddy2019probabilistic,
  title={Probabilistic Symmetry and Invariant Neural Networks},
  author={Bloem-Reddy, Benjamin and Teh, Yee Whye},
  journal={arXiv:1901.06082},
  year={2019}
}


@article{ravanbakhsh2017sharing,
  title={Equivariance Through Parameter-Sharing},
  author={Ravanbakhsh, Siamak and Schneider, Jeff and Poczos, Barnabas},
  journal={Proceedings of the 34th International Conference on Machine Learning},
  year={2017}
}

@article{kondor2018convolution,
  title={On the Generalization of Equivariance and Convolution in Neural Networks to the Action of Compact Groups},
  author={Kondor, Risi and Trivedi, Shubhendu},
  journal={Proceedings of the 35th International Conference on Machine Learning},
  year={2018}
}

@article{chen2019cdsbm,
  title={Supervised Community Detection with Line Graph Neural Networks},
  author={Chen, Zhengdao and Li, Lisha and Bruna, Joan},
  journal={International Conference on Learning Representations},
  year={2019}
}

@article{hornik1991hornik,
  title={Approximation Capabilities of Multilayer Feedforward Networks},
  author={Hornik, Kurt},
  journal={Neural Networks},
  volume={4},
  pages={251--257},
  year={1991},
  publisher={Pergamon Press}
}

@article{ramana1994fractional,
  title={Fractional isomorphism of graphs},
  author={Ramana, Motakuri V and Scheinerman, Edward R and Ullman, Daniel},
  journal={Discrete Mathematics},
  volume={132},
  number={1-3},
  pages={247--265},
  year={1994},
  publisher={Elsevier}
}


@article{zhao1998semidefinite,
  title={Semidefinite programming relaxations for the quadratic assignment problem},
  author={Zhao, Qing and Karisch, Stefan E and Rendl, Franz and Wolkowicz, Henry},
  journal={Journal of Combinatorial Optimization},
  volume={2},
  number={1},
  pages={71--109},
  year={1998},
  publisher={Springer}
}
@inproceedings{o2014hardness,
  title={Hardness of robust graph isomorphism, Lasserre gaps, and asymmetry of random graphs},
  author={O'Donnell, Ryan and Wright, John and Wu, Chenggang and Zhou, Yuan},
  booktitle={Proceedings of the twenty-fifth annual ACM-SIAM symposium on Discrete algorithms},
  pages={1659--1677},
  year={2014},
  organization={Society for Industrial and Applied Mathematics}
}

@article{cai1992optimal,
  title={An optimal lower bound on the number of variables for graph identification},
  author={Cai, Jin-Yi and F{\"u}rer, Martin and Immerman, Neil},
  journal={Combinatorica},
  volume={12},
  number={4},
  pages={389--410},
  year={1992},
  publisher={Springer}
}

@inproceedings{yanardag2015deep,
 title={Deep graph kernels},
 author={Yanardag, Pinar and Vishwanathan, SVN},
 booktitle={Proceedings of the 21th ACM SIGKDD International Conference on Knowledge Discovery and Data Mining},
 pages={1365--1374},
 year={2015},
 organization={ACM}
}

@inproceedings{babai2016graph,
  title={Graph isomorphism in quasipolynomial time},
  author={Babai, L{\'a}szl{\'o}},
  booktitle={Proceedings of the forty-eighth annual ACM symposium on Theory of Computing},
  pages={684--697},
  year={2016},
  organization={ACM}
}

@article{bronstein2017geometric, 
author={M. M. {Bronstein} and J. {Bruna} and Y. {LeCun} and A. {Szlam} and P. {Vandergheynst}}, 
journal={IEEE Signal Processing Magazine}, 
title={Geometric Deep Learning: Going beyond Euclidean data}, 
year={2017}, 
volume={34}, 
number={4}, 
pages={18-42}, 
keywords={computational geometry;neural nets;geometric deep learning;Euclidean data;deep neural models;Convolution;Computational modeling;Euclidean distance;Machine learning;Convolutional codes;Social network services;Computer architecture}
}

@article{krzakala2013spectral,
  title={Spectral redemption in clustering sparse networks},
  author={Krzakala, Florent and Moore, Cristopher and Mossel, Elchanan and Neeman, Joe and Sly, Allan and Zdeborov{\'a}, Lenka and Zhang, Pan},
  journal={Proceedings of the National Academy of Sciences},
  volume={110},
  number={52},
  pages={20935--20940},
  year={2013},
  publisher={National Acad Sciences}
}

@inproceedings{ying2019gnn,
  title={Gnnexplainer: Generating explanations for graph neural networks},
  author={Ying, Zhitao and Bourgeois, Dylan and You, Jiaxuan and Zitnik, Marinka and Leskovec, Jure},
  booktitle={Neural Information Processing Systems},
  pages={9244--9255},
  year={2019}
}


@inproceedings{Monti:2017,
author = {Monti, F and Bronstein, M and Bresson, X},
pages = {3697--3707},
title = {Geometric matrix completion with recurrent multi-graph neural networks},
year = {2017}
}


@article{babai1980random,
  title={Random graph isomorphism},
  author={Babai, L{\'a}szl{\'o} and Erdos, Paul and Selkow, Stanley M},
  journal={SIaM Journal on Computing},
  volume={9},
  number={3},
  pages={628--635},
  year={1980},
  publisher={SIAM}
}

@inproceedings{furer2017combinatorial,
  title={On the combinatorial power of the Weisfeiler-Lehman algorithm},
  author={F{\"u}rer, Martin},
  booktitle={International Conference on Algorithms and Complexity},
  pages={260--271},
  year={2017},
  organization={Springer}
}

@inproceedings{you2018graphrnn,
  title={GraphRNN: Generating Realistic Graphs with Deep Auto-regressive Models},
  author={You, Jiaxuan and Ying, Rex and Ren, Xiang and Hamilton, William and Leskovec, Jure},
  booktitle={International Conference on Machine Learning},
  pages={5708--5717},
  year={2018}
}

@article{bruna2013spectral,
  title={Spectral networks and locally connected networks on graphs},
  author={Bruna, Joan and Zaremba, Wojciech and Szlam, Arthur and LeCun, Yann},
  journal={arXiv:1312.6203},
  year={2013}
}

@inproceedings{jin2018junction,
  title={Junction Tree Variational Autoencoder for Molecular Graph Generation},
  author={Jin, Wengong and Barzilay, Regina and Jaakkola, Tommi},
  booktitle={International Conference on Machine Learning},
  pages={2323--2332},
  year={2018}
}

@inproceedings{jiang2010finding,
  title={Finding frequent subgraphs in longitudinal social network data using a weighted graph mining approach},
  author={Jiang, Chuntao and Coenen, Frans and Zito, Michele},
  booktitle={International Conference on Advanced Data Mining and Applications},
  pages={405--416},
  year={2010},
  organization={Springer}
}

@article{koyuturk2004biological,
    author = {KoyutÃ¼rk, Mehmet and Grama, Ananth and Szpankowski, Wojciech},
    title = "{An efficient algorithm for detecting frequent subgraphs in biological networks}",
    journal = {Bioinformatics},
    volume = {20},
    number = {suppl 1},
    pages = {i200-i207},
    year = {2004}
    }

@book{lemke2003review,
  title={Review of organic functional groups: introduction to medicinal organic chemistry},
  author={Lemke, Thomas L},
  year={2003},
  publisher={Lippincott Williams \& Wilkins}
}

@article{rahman2009small,
  title={Small molecule subgraph detector (SMSD) toolkit},
  author={Rahman, Syed Asad and Bashton, Matthew and Holliday, Gemma L and Schrader, Rainer and Thornton, Janet M},
  journal={Journal of Cheminformatics},
  volume={1},
  number={1},
  pages={12},
  year={2009},
  publisher={Springer}
}

@article{oboyle2016comparing,
  title={Comparing structural fingerprints using a literature-based similarity benchmark},
  author={OâBoyle, Noel M and Sayle, Roger A},
  journal={Journal of Cheminformatics},
  volume={8},
  number={1},
  pages={1--14},
  year={2016},
  publisher={BioMed Central}
}

@techreport{deshpande2002automated,
  title={Automated approaches for classifying structures},
  author={Deshpande, Mukund and Kuramochi, Michihiro and Karypis, George},
  year={2002},
  institution={
  Minnesota University Minneapolis Department of Computer Science}
}

@inproceedings{liu2018ngram,
 author = {Liu, Shengchao and Demirel, Mehmet F and Liang, Yingyu},
 booktitle = {Neural Information Processing Systems},
 pages = {8466--8478},
 title = {N-Gram Graph: Simple Unsupervised Representation for Graphs, with Applications to Molecules},
 url = {https://proceedings.neurips.cc/paper/2019/file/2f3926f0a9613f3c3cc21d52a3cdb4d9-Paper.pdf},
 volume = {32},
 year = {2019}
}

@inproceedings{liu2019neuralsubgraph,
  title={Neural subgraph isomorphism counting},
  author={Liu, Xin and Pan, Haojie and He, Mutian and Song, Yangqiu and Jiang, Xin and Shang, Lifeng},
  booktitle={Proceedings of the 26th ACM SIGKDD International Conference on Knowledge Discovery \& Data Mining},
  pages={1959--1969},
  year={2020}
}

@inproceedings{monti2018motifnet,
  title={Motifnet: a motif-based graph convolutional network for directed graphs},
  author={Monti, Federico and Otness, Karl and Bronstein, Michael M},
  booktitle={2018 IEEE Data Science Workshop (DSW)},
  pages={225--228},
  year={2018},
  organization={IEEE}
}


@article{ying2018diffpool,
  author    = {Rex Ying and
               Jiaxuan You and
               Christopher Morris and
               Xiang Ren and
               William L. Hamilton and
               Jure Leskovec},
  title     = {Hierarchical Graph Representation Learning with Differentiable Pooling},
  journal   = {arXiv:1806.08804},
  year      = {2018},
  url       = {http://arxiv.org/abs/1806.08804},
  archivePrefix = {arXiv},
  eprint    = {1806.08804},
  timestamp = {Mon, 13 Aug 2018 16:47:25 +0200},
  biburl    = {https://dblp.org/rec/bib/journals/corr/abs-1806-08804},
  bibsource = {dblp computer science bibliography, https://dblp.org}
}
@inproceedings{gori2005new,
  title={A new model for learning in graph domains},
  author={Gori, Marco and Monfardini, Gabriele and Scarselli, Franco},
  booktitle={Proceedings. 2005 IEEE International Joint Conference on Neural Networks, 2005.},
  volume={2},
  pages={729--734},
  year={2005},
  organization={IEEE}
}
@article{azizian2020characterizing,
  title={Characterizing the expressive power of invariant and equivariant graph neural networks},
  author={Azizian, Wa{\"\i}ss and Lelarge, Marc},
  journal={arXiv:2006.15646},
  year={2020}
}

@article{dai2017combopt,
  title={Learning combinatorial optimization algorithms over graphs},
  author={Khalil, Elias and Dai, Hanjun and Zhang, Yuyu and Dilkina, Bistra and Song, Le},
  journal={Neural Information Processing Systems},
  volume={30},
  pages={6348--6358},
  year={2017}
}

@article{kingma2014adam,
  title={Adam: A method for stochastic optimization},
  author={Kingma, Diederik P and Ba, Jimmy},
  journal={arXiv:1412.6980},
  year={2014}
}

@misc{jin2019hierarchical,
    title={Hierarchical Graph-to-Graph Translation for Molecules},
    author={Wengong Jin and Regina Barzilay and Tommi Jaakkola},
    year={2019},
    eprint={1907.11223},
    archivePrefix={arXiv},
    primaryClass={physics.chem-ph}
}

@inproceedings{xu2018representation,
  title={Representation Learning on Graphs with Jumping Knowledge Networks},
  author={Xu, Keyulu and Li, Chengtao and Tian, Yonglong and Sonobe, Tomohiro and Kawarabayashi, Ken-ichi and Jegelka, Stefanie},
  booktitle={International Conference on Machine Learning},
  pages={5453--5462},
  year={2018}
}

@article{ioffe2015batch,
  title={Batch normalization: Accelerating deep network training by reducing internal covariate shift},
  author={Ioffe, Sergey and Szegedy, Christian},
  journal={arXiv:1502.03167},
  year={2015}
}

@article{steger1999generating,
  title={Generating random regular graphs quickly},
  author={Steger, Angelika and Wormald, Nicholas C},
  journal={Combinatorics, Probability and Computing},
  volume={8},
  number={4},
  pages={377--396},
  year={1999},
  publisher={Cambridge University Press}
}

@inproceedings{ding2019cognitive,
    title = "Cognitive Graph for Multi-Hop Reading Comprehension at Scale",
    author = "Ding, Ming  and
      Zhou, Chang  and
      Chen, Qibin  and
      Yang, Hongxia  and
      Tang, Jie",
    booktitle = "Proceedings of the 57th Annual Meeting of the Association for Computational Linguistics",
    month = Jul,
    year = "2019",
    address = "Florence, Italy",
    publisher = "Association for Computational Linguistics",
    url = "https://www.aclweb.org/anthology/P19-1259",
    doi = "10.18653/v1/P19-1259",
    pages = "2694--2703",
    abstract = "We propose a new CogQA framework for multi-hop reading comprehension question answering in web-scale documents. Founded on the dual process theory in cognitive science, the framework gradually builds a \textit{cognitive graph} in an iterative process by coordinating an implicit extraction module (System 1) and an explicit reasoning module (System 2). While giving accurate answers, our framework further provides explainable reasoning paths. Specifically, our implementation based on BERT and graph neural network efficiently handles millions of documents for multi-hop reasoning questions in the HotpotQA fullwiki dataset, achieving a winning joint $F_1$ score of 34.9 on the leaderboard, compared to 23.1 of the best competitor.",
}

@article{morgan1965generation,
  title={The generation of a unique machine description for chemical structures-a technique developed at chemical abstracts service.},
  author={Morgan, Harry L},
  journal={Journal of Chemical Documentation},
  volume={5},
  number={2},
  pages={107--113},
  year={1965},
  publisher={ACS Publications}
}

@inproceedings{you2018gcpn,
  title={Graph convolutional policy network for goal-directed molecular graph generation},
  author={You, Jiaxuan and Liu, Bowen and Ying, Zhitao and Pande, Vijay and Leskovec, Jure},
  booktitle={Neural Information Processing Systems},
  pages={6410--6421},
  year={2018}
}

@misc{preciado2012structural,
    title={Structural Analysis of Viral Spreading Processes in Social and Communication Networks Using Egonets},
    author={Victor M. Preciado and Moez Draief and Ali Jadbabaie},
    year={2012},
    eprint={1209.0341},
    archivePrefix={arXiv},
    primaryClass={math.OC}
}

@article{ulyanov2016instance,
  title={Instance normalization: The missing ingredient for fast stylization},
  author={Ulyanov, Dmitry and Vedaldi, Andrea and Lempitsky, Victor},
  journal={arXiv:1607.08022},
  year={2016}
}

@article{garg2020generalization,
  title={Generalization and representational limits of graph neural networks},
  author={Garg, Vikas K and Jegelka, Stefanie and Jaakkola, Tommi},
  journal={arXiv:2002.06157},
  year={2020}
}

@article{pope2018discovering,
  title={Discovering Molecular Functional Groups Using Graph Convolutional Neural Networks},
  author={Pope, Phillip and Kolouri, Soheil and Rostrami, Mohammad and Martin, Charles and Hoffmann, Heiko},
  journal={arXiv:1812.00265},
  year={2018}
}

@inproceedings{preciado2010local,
  title={From local measurements to network spectral properties: Beyond degree distributions},
  author={Preciado, Victor M and Jadbabaie, Ali},
  booktitle={49th IEEE Conference on Decision and Control (CDC)},
  pages={2686--2691},
  year={2010},
  organization={IEEE}
}

@article{murray2009rise,
  title={The rise of fragment-based drug discovery},
  author={Murray, Christopher W and Rees, David C},
  journal={Nature Chemistry},
  volume={1},
  number={3},
  pages={187},
  year={2009},
  publisher={Nature Publishing Group}
}

@article{jin2020composing,
  title={Composing Molecules with Multiple Property Constraints},
  author={Jin, Wengong and Barzilay, Regina and Jaakkola, Tommi},
  journal={arXiv:2002.03244},
  year={2020}
}

@incollection{you2019g2sat,
title = {G2SAT: Learning to Generate SAT Formulas},
author = {You, Jiaxuan and Wu, Haoze and Barrett, Clark and Ramanujan, Raghuram and Leskovec, Jure},
booktitle = {Neural Information Processing Systems 32},
pages = {10553--10564},
year = {2019},
url = {http://papers.nips.cc/paper/9241-g2sat-learning-to-generate-sat-formulas.pdf}
}

@article{stokes2020deep,
  title={A Deep Learning Approach to Antibiotic Discovery},
  author={Stokes, Jonathan M and Yang, Kevin and Swanson, Kyle and Jin, Wengong and Cubillos-Ruiz, Andres and Donghia, Nina M and MacNair, Craig R and French, Shawn and Carfrae, Lindsey A and Bloom-Ackerman, Zohar and others},
  journal={Cell},
  volume={180},
  number={4},
  pages={688--702},
  year={2020},
  publisher={Elsevier}
}

@article{hu2020open,
  title={Open graph benchmark: Datasets for machine learning on graphs},
  author={Hu, Weihua and Fey, Matthias and Zitnik, Marinka and Dong, Yuxiao and Ren, Hongyu and Liu, Bowen and Catasta, Michele and Leskovec, Jure},
  journal={arXiv:2005.00687},
  year={2020}
}

@inproceedings{hu2019strategies,
  title={Strategies for Pre-training Graph Neural Networks},
  author={Hu, Weihua and Liu, Bowen and Gomes, Joseph and Zitnik, Marinka and Liang, Percy and Pande, Vijay and Leskovec, Jure},
  booktitle={International Conference on Learning Representations},
  year={2019}
}

@article{ramakrishnan2014quantum,
  title={Quantum chemistry structures and properties of 134 kilo molecules},
  author={Ramakrishnan, Raghunathan and Dral, Pavlo O and Rupp, Matthias and Von Lilienfeld, O Anatole},
  journal={Scientific Data},
  volume={1},
  pages={140022},
  year={2014},
  publisher={Nature Publishing Group}
}

@article{wu2018moleculenet,
  title={MoleculeNet: a benchmark for molecular machine learning},
  author={Wu, Zhenqin and Ramsundar, Bharath and Feinberg, Evan N and Gomes, Joseph and Geniesse, Caleb and Pappu, Aneesh S and Leswing, Karl and Pande, Vijay},
  journal={Chemical Science},
  volume={9},
  number={2},
  pages={513--530},
  year={2018},
  publisher={Royal Society of Chemistry}
}

@article{dwivedi2020benchmarking,
  title={Benchmarking graph neural networks},
  author={Dwivedi, Vijay Prakash and Joshi, Chaitanya K and Laurent, Thomas and Bengio, Yoshua and Bresson, Xavier},
  journal={arXiv:2003.00982},
  year={2020}
}

@article{irwin2012zinc,
  title={ZINC: a free tool to discover chemistry for biology},
  author={Irwin, John J and Sterling, Teague and Mysinger, Michael M and Bolstad, Erin S and Coleman, Ryan G},
  journal={Journal of Chemical Information and Modeling},
  volume={52},
  number={7},
  pages={1757--1768},
  year={2012},
  publisher={ACS Publications}
}

@article{puny2020graph,
  title={From graph low-rank global attention to 2-fwl approximation},
  author={Puny, Omri and Ben-Hamu, Heli and Lipman, Yaron},
  journal={arXiv:2006.07846},
  year={2020}
}

@article{hochreiter1997long,
  title={Long short-term memory},
  author={Hochreiter, Sepp and Schmidhuber, J{\"u}rgen},
  journal={Neural Computation},
  volume={9},
  number={8},
  pages={1735--1780},
  year={1997},
  publisher={MIT Press}
}

@online{quartic,
  title={Quartic Graph},
  author={Weisstein, Eric W},
  howpublished = {From MathWorld--A Wolfram Web Resource. \url{ https://mathworld.wolfram.com/QuarticGraph.html}},
  year = {2020}
}

@article{lou2020neural,
  title={Neural Subgraph Matching},
  author={Lou, Zhaoyu and You, Jiaxuan and Wen, Chengtao and Canedo, Arquimedes and Leskovec, Jure and others},
  journal={arXiv:2007.03092},
  year={2020}
}

@article{aniyan2017radio,
   title={Classifying Radio Galaxies with the Convolutional Neural Network},
   volume={230},
   ISSN={1538-4365},
   url={http://dx.doi.org/10.3847/1538-4365/aa7333},
   DOI={10.3847/1538-4365/aa7333},
   number={2},
   journal={The Astrophysical Journal Supplement Series},
   publisher={American Astronomical Society},
   author={Aniyan, A. K. and Thorat, K.},
   year={2017},
   month={Jun},
   pages={20}
}

@article{huertas-company2015galaxy,
   title={A CATALOG OF VISUAL-LIKE MORPHOLOGIES IN THE 5 CANDELS FIELDS USING DEEP LEARNING},
   volume={221},
   ISSN={1538-4365},
   url={http://dx.doi.org/10.1088/0067-0049/221/1/8},
   DOI={10.1088/0067-0049/221/1/8},
   number={1},
   journal={The Astrophysical Journal Supplement Series},
   publisher={American Astronomical Society},
   author={Huertas-Company, M. and Gravet, R. and Cabrera-Vives, G. and PÃ©rez-GonzÃ¡lez, P. G. and Kartaltepe, J. S. and Barro, G. and Bernardi, M. and Mei, S. and Shankar, F. and Dimauro, P. and et al.},
   year={2015},
   month={Oct},
   pages={8}
}

@article{dominguez-sanchez2018galaxy,
   title={Improving galaxy morphologies for SDSS with Deep Learning},
   volume={476},
   ISSN={1365-2966},
   url={http://dx.doi.org/10.1093/mnras/sty338},
   DOI={10.1093/mnras/sty338},
   number={3},
   journal={Monthly Notices of the Royal Astronomical Society},
   publisher={Oxford University Press (OUP)},
   author={DomÃ­nguez SÃ¡nchez, H and Huertas-Company, M and Bernardi, M and Tuccillo, D and Fischer, J L},
   year={2018},
   month={Feb},
   pages={3661â3676}
}

@article{gonzalez2018augment,
title = {Galaxy detection and identification using deep learning and data augmentation},
journal = {Astronomy and Computing},
volume = {25},
pages = {103-109},
year = {2018},
issn = {2213-1337},
doi = {https://doi.org/10.1016/j.ascom.2018.09.004},
url = {https://www.sciencedirect.com/science/article/pii/S2213133718300325},
author = {R.E. GonzÃ¡lez and R.P. MuÃ±oz and C.A. HernÃ¡ndez},
keywords = {Galaxies, General, Techniques, Image processing, Computing methodologies, Machine learning},
}

@article{dieleman2015gzoo,
   title={Rotation-invariant convolutional neural networks for galaxy morphology prediction},
   volume={450},
   ISSN={0035-8711},
   url={http://dx.doi.org/10.1093/mnras/stv632},
   DOI={10.1093/mnras/stv632},
   number={2},
   journal={Monthly Notices of the Royal Astronomical Society},
   publisher={Oxford University Press (OUP)},
   author={Dieleman, Sander and Willett, Kyle W. and Dambre, Joni},
   year={2015},
   month={Apr},
   pages={1441â1459}
}

@article{sanchez-gonzalez2019hamiltonian,
    author = "Sanchez-Gonzalez, Alvaro and Bapst, Victor and Cranmer, Kyle and Battaglia, Peter",
    title = "{Hamiltonian Graph Networks with ODE Integrators}",
    journal = "arXiv:1909.12790",
    archivePrefix = "arXiv",
    primaryClass = "cs.LG",
    year = "2019"
}

@article{fenton2020jet,
    author = "Fenton, Michael James and Shmakov, Alexander and Ho, Ta-Wei and Hsu, Shih-Chieh and Whiteson, Daniel and Baldi, Pierre",
    title = "{Permutationless Many-Jet Event Reconstruction with Symmetry Preserving Attention Networks}",
    journal = "arXiv:2010.09206",
    archivePrefix = "arXiv",
    year = "2020"
}

@article{lee2020jet,
    author = "Lee, Jason Sang Hun and Park, Inkyu and Watson, Ian James and Yang, Seungjin",
    title = "{Zero-Permutation Jet-Parton Assignment using a Self-Attention Network}",
    journal = "arXiv:2012.03542",
    archivePrefix = "arXiv",
    year = "2020"
}

@ARTICLE{roth2021quantum,
       author = {{Roth}, Christopher and {MacDonald}, Allan H.},
        title = "{Group Convolutional Neural Networks Improve Quantum State Accuracy}",
        year = 2021,
        journal = {arXiv:2104.05085},
}

@article{luo2021quantum,
    author = "Luo, Di and Chen, Zhuo and Hu, Kaiwen and Zhao, Zhizhen and Hur, Vera Mikyoung and Clark, Bryan K.",
    title = "{Gauge Invariant Autoregressive Neural Networks for Quantum Lattice Models}",
    journal = "arXiv:2101.07243",
    archivePrefix = "arXiv",
    primaryClass = "cond-mat.str-el",
    year = "2021"
}

@misc{luo2020quantum,
      title={Gauge equivariant neural networks for quantum lattice gauge theories}, 
      author={Di Luo and Giuseppe Carleo and Bryan K. Clark and James Stokes},
      year={2020},
      eprint={2012.05232},
      archivePrefix={arXiv},
      primaryClass={cond-mat.str-el}
}

@article{choo2018quantum,
  title = {Symmetries and Many-Body Excitations with Neural-Network Quantum States},
  author = {Choo, Kenny and Carleo, Giuseppe and Regnault, Nicolas and Neupert, Titus},
  journal = {Physical Review Letters},
  volume = {121},
  issue = {16},
  pages = {167204},
  numpages = {6},
  year = {2018},
  month = {Oct},
  publisher = {American Physical Society},
  doi = {10.1103/PhysRevLett.121.167204},
  url = {https://link.aps.org/doi/10.1103/PhysRevLett.121.167204}
}

@article{vieijra2020uantum,
   title={Restricted Boltzmann Machines for Quantum States with Non-Abelian or Anyonic Symmetries},
   volume={124},
   ISSN={1079-7114},
   url={http://dx.doi.org/10.1103/PhysRevLett.124.097201},
   DOI={10.1103/physrevlett.124.097201},
   number={9},
   journal={Physical Review Letters},
   publisher={American Physical Society (APS)},
   author={Vieijra, Tom and Casert, Corneel and Nys, Jannes and De Neve, Wesley and Haegeman, Jutho and Ryckebusch, Jan and Verstraete, Frank},
   year={2020},
   month={Mar}
}


@article{lintott2008gzoo,
    author = {Lintott, Chris J. and Schawinski, Kevin and Slosar, AnÅ¾e and Land, Kate and Bamford, Steven and Thomas, Daniel and Raddick, M. Jordan and Nichol, Robert C. and Szalay, Alex and Andreescu, Dan and Murray, Phil and Vandenberg, Jan},
    title = "{Galaxy Zoo: morphologies derived from visual inspection of galaxies from the Sloan Digital Sky Survey*}",
    journal = {Monthly Notices of the Royal Astronomical Society},
    volume = {389},
    number = {3},
    pages = {1179-1189},
    year = {2008},
    issn = {0035-8711},
    doi = {10.1111/j.1365-2966.2008.13689.x},
    url = {https://doi.org/10.1111/j.1365-2966.2008.13689.x},
    eprint = {https://academic.oup.com/mnras/article-pdf/389/3/1179/3325962/mnras0389-1179.pdf},
}

@misc{li2021hamnet,
      title={HamNet: Conformation-Guided Molecular Representation with Hamiltonian Neural Networks}, 
      author={Ziyao Li and Shuwen Yang and Guojie Song and Lingsheng Cai},
      year={2021},
      eprint={2105.03688},
      archivePrefix={arXiv},
      primaryClass={cs.LG}
}
@inproceedings{radial_basis_func,
    author = {Kristof T. Sch\"{u}tt, Pieter-Jan Kindermans and Huziel E. Sauceda and Stefan Chmiela and Alexandre Tkatchenko and Klaus-Robert M\"{u}ller},
    title = {SchNet: a continuous-filter convolutional neural network for modeling quantum interactions},
    booktitle = {Neural Information Processing Systems},
    year = {2017},
    pages = {992-1002}
}
December 2017 Pages 992â1002
@inproceedings{greydanus2019hamiltonian,
 author = {Greydanus, Samuel and Dzamba, Misko and Yosinski, Jason},
 booktitle = {Neural Information Processing Systems},
 editor = {H. Wallach and H. Larochelle and A. Beygelzimer and F. d\textquotesingle Alch\'{e}-Buc and E. Fox and R. Garnett},
 pages = {},
 publisher = {Curran Associates, Inc.},
 title = {Hamiltonian Neural Networks},
 url = {https://proceedings.neurips.cc/paper/2019/file/26cd8ecadce0d4efd6cc8a8725cbd1f8-Paper.pdf},
 volume = {32},
 year = {2019}
}

@inproceedings{anderson2019cormorant,
     author = {Anderson, Brandon and Hy, Truong Son and Kondor, Risi},
     booktitle = {Neural Information Processing Systems},
     editor = {H. Wallach and H. Larochelle and A. Beygelzimer and F. d\textquotesingle Alch\'{e}-Buc and E. Fox and R. Garnett},
     pages = {},
     publisher = {Curran Associates, Inc.},
     title = {Cormorant: Covariant Molecular Neural Networks},
     url = {https://proceedings.neurips.cc/paper/2019/file/03573b32b2746e6e8ca98b9123f2249b-Paper.pdf},
     volume = {32},
     year = {2019}
}

@misc{wang2021molecular,
      title={Symmetry-adapted graph neural networks for constructing molecular dynamics force fields}, 
      author={Zun Wang and Chong Wang and Sibo Zhao and Shiqiao Du and Yong Xu and Bing-Lin Gu and Wenhui Duan},
      year={2021},
      eprint={2101.02930},
      archivePrefix={arXiv},
      primaryClass={physics.comp-ph}
}

@misc{schutt2021equivariant,
      title={Equivariant message passing for the prediction of tensorial properties and molecular spectra}, 
      author={Kristof T. SchÃ¼tt and Oliver T. Unke and Michael Gastegger},
      year={2021},
      eprint={2102.03150},
      archivePrefix={arXiv},
      primaryClass={cs.LG}
}
@article{karalias2020erdos,
  title={Erdos goes neural: an unsupervised learning framework for combinatorial optimization on graphs},
  author={Karalias, Nikolaos and Loukas, Andreas},
  journal={arXiv:2006.10643},
  year={2020}
}
@article{tahmasebi2020counting,
  title={Counting Substructures with Higher-Order Graph Neural Networks: Possibility and Impossibility Results},
  author={Tahmasebi, Behrooz and Jegelka, Stefanie},
  journal={arXiv:2012.03174},
  year={2020}
}

@article{bengio2020machine,
  title={Machine learning for combinatorial optimization: a methodological tour dâhorizon},
  author={Bengio, Yoshua and Lodi, Andrea and Prouvost, Antoine},
  journal={European Journal of Operational Research},
  year={2020},
  publisher={Elsevier}
}


@article{joshi2019efficient,
  title={An efficient graph convolutional network technique for the travelling salesman problem},
  author={Joshi, Chaitanya K and Laurent, Thomas and Bresson, Xavier},
  journal={arXiv:1906.01227},
  year={2019}
}

@article{cappart2021combinatorial,
  title={Combinatorial optimization and reasoning with graph neural networks},
  author={Cappart, Quentin and Ch{\'e}telat, Didier and Khalil, Elias and Lodi, Andrea and Morris, Christopher and Veli{\v{c}}kovi{\'c}, Petar},
  journal={arXiv:2102.09544},
  year={2021}
}

@article{lecun2015deep,
  title={Deep learning},
  author={LeCun, Yann and Bengio, Yoshua and Hinton, Geoffrey},
  journal={Nature},
  volume={521},
  number={7553},
  pages={436--444},
  year={2015},
  publisher={Nature Publishing Group}
}

@article{cranmer2020lagrangian,
  author    = {Miles D. Cranmer and
               Sam Greydanus and
               Stephan Hoyer and
               Peter W. Battaglia and
               David N. Spergel and
               Shirley Ho},
  title     = {Lagrangian Neural Networks},
  journal   = {arXiv:2003.04630},
  year      = {2020}
}

@conference{lutter2019lagrangian,
  title = {Deep Lagrangian Networks: Using Physics as Model Prior for Deep Learning},
  author = {Lutter, M. and Ritter, C. and Peters, J.},
  booktitle = {7th International Conference on Learning Representations (ICLR)},
  publisher = {ICLR},
  month = May,
  year = {2019},
  url = {https://openreview.net/pdf?id=BklHpjCqKm},
}

@conference{zhong2020symplectic,
  title = {Symplectic ODE-Net: Learning Hamiltonian Dynamics with Control},
  author = {Yaofeng Desmond Zhong and Biswadip Dey and Amit Chakraborty},
  booktitle = {7th International Conference on Learning Representations (ICLR)},
  publisher = {ICLR},
  month = May,
  year = {2020},
  url = {https://openreview.net/forum?id=ryxmb1rKDS},
}


  
@article{boyda2020hsi,
    author = "Boyda, Denis and Kanwar, Gurtej and Racani\`ere, S\'ebastien and Rezende, Danilo Jimenez and Albergo, Michael S. and Cranmer, Kyle and Hackett, Daniel C. and Shanahan, Phiala E.",
    title = "{Sampling using $SU(N)$ gauge equivariant flows}",
    eprint = "2008.05456",
    archivePrefix = "arXiv",
    primaryClass = "hep-lat",
    reportNumber = "MIT-CTP/5228",
    doi = "10.1103/PhysRevD.103.074504",
    journal = "Phys. Rev. D",
    volume = "103",
    number = "7",
    pages = "074504",
    year = "2021"
}

@article{ibort2017new,
  title={A new algorithm for computing branching rules and {C}lebsch-{G}ordan coefficients of unitary representations of compact groups},
  author={Ibort, A and L{\'o}pez Yela, A and Moro, J},
  journal={Journal of Mathematical Physics},
  volume={58},
  number={10},
  pages={101702},
  year={2017},
  publisher={AIP Publishing LLC}
}

@article{alex2011numerical,
  title={A numerical algorithm for the explicit calculation of {SU($N$)} and {SL($N, \mathbb C$)} {C}lebsch-{G}ordan coefficients},
  author={Alex, Arne and Kalus, Matthias and Huckleberry, Alan and von Delft, Jan},
  journal={Journal of Mathematical Physics},
  volume={52},
  number={2},
  pages={023507},
  year={2011},
  publisher={American Institute of Physics}
}

@inproceedings{maron2020learning,
  title={On learning sets of symmetric elements},
  author={Maron, Haggai and Litany, Or and Chechik, Gal and Fetaya, Ethan},
  booktitle={International Conference on Machine Learning},
  pages={6734--6744},
  year={2020},
  organization={PMLR}
}

@book{goodman2009symmetry,
  title={Symmetry, representations, and invariants},
  author={Goodman, Roe and Wallach, Nolan R},
  volume={255},
  year={2009},
  publisher={Springer}
}

@incollection{popov1994invariant,
  title={Invariant theory},
  author={Popov, Vladimir L and Vinberg, Ernest B},
  booktitle={Algebraic geometry IV},
  pages={123--278},
  year={1994},
  publisher={Springer}
}

@ARTICLE{a29,
       author = {{Aguena}, M. and {Avestruz}, C. and {Combet}, C. and {Fu}, S. and {Herbonnet}, R. and {Malz}, A.~I. and {Penna-Lima}, M. and {Ricci}, M. and {Vitenti}, S.~D.~P. and {Baumont}, L. and {Fan}, H. and {Fong}, M. and {Ho}, M. and {Kirby}, M. and {Payerne}, C. and {Boutigny}, D. and {Lee}, B. and {Liu}, B. and {McClintock}, T. and {Miyatake}, H. and {Sif{\'o}n}, C. and {von der Linden}, A. and {Wu}, H. and {Yoon}, M. and {LSST Dark Energy Science Collaboration}},
        title = "{CLMM: a LSST-DESC cluster weak lensing mass modeling library for cosmology}",
      journal = {\mnras},
     keywords = {galaxies: clusters: general, gravitational lensing: weak, software: public release, Astrophysics - Cosmology and Nongalactic Astrophysics, Astrophysics - Instrumentation and Methods for Astrophysics},
         year = 2021,
        month = oct,
          doi = {10.1093/mnras/stab2764},
archivePrefix = {arXiv},
       eprint = {2107.10857},
 primaryClass = {astro-ph.CO},
       adsurl = {https://ui.adsabs.harvard.edu/abs/2021MNRAS.tmp.2534A},
      adsnote = {Provided by the SAO/NASA Astrophysics Data System}
}

@ARTICLE{a28,
       author = {{Malz}, Alex I.},
        title = "{How not to obtain the redshift distribution from probabilistic redshift estimates: Under what conditions is it not inappropriate to estimate the redshift distribution N (z ) by stacking photo-z PDFs?}",
      journal = {\prd},
     keywords = {Astrophysics - Cosmology and Nongalactic Astrophysics, Astrophysics - Instrumentation and Methods for Astrophysics},
         year = 2021,
        month = apr,
       volume = {103},
       number = {8},
          eid = {083502},
        pages = {083502},
          doi = {10.1103/PhysRevD.103.083502},
archivePrefix = {arXiv},
       eprint = {2101.04675},
 primaryClass = {astro-ph.CO},
       adsurl = {https://ui.adsabs.harvard.edu/abs/2021PhRvD.103h3502M},
      adsnote = {Provided by the SAO/NASA Astrophysics Data System}
}

@ARTICLE{a27,
       author = {{Schmidt}, S.~J. and {Malz}, A.~I. and {Soo}, J.~Y.~H. and {Almosallam}, I.~A. and {Brescia}, M. and {Cavuoti}, S. and {Cohen-Tanugi}, J. and {Connolly}, A.~J. and {DeRose}, J. and {Freeman}, P.~E. and {Graham}, M.~L. and {Iyer}, K.~G. and {Jarvis}, M.~J. and {Kalmbach}, J.~B. and {Kovacs}, E. and {Lee}, A.~B. and {Longo}, G. and {Morrison}, C.~B. and {Newman}, J.~A. and {Nourbakhsh}, E. and {Nuss}, E. and {Pospisil}, T. and {Tranin}, H. and {Wechsler}, R.~H. and {Zhou}, R. and {Izbicki}, R. and {LSST Dark Energy Science Collaboration}},
        title = "{Evaluation of probabilistic photometric redshift estimation approaches for The Rubin Observatory Legacy Survey of Space and Time (LSST)}",
      journal = {\mnras},
     keywords = {methods: statistical, galaxies: distances and redshifts, galaxies: statistics, Astrophysics - Cosmology and Nongalactic Astrophysics, Astrophysics - Instrumentation and Methods for Astrophysics},
         year = 2020,
        month = dec,
       volume = {499},
       number = {2},
        pages = {1587-1606},
          doi = {10.1093/mnras/staa2799},
archivePrefix = {arXiv},
       eprint = {2001.03621},
 primaryClass = {astro-ph.CO},
       adsurl = {https://ui.adsabs.harvard.edu/abs/2020MNRAS.499.1587S},
      adsnote = {Provided by the SAO/NASA Astrophysics Data System}
}

@ARTICLE{a26,
       author = {{Malz}, Alex I. and {Hogg}, David W.},
        title = "{How to obtain the redshift distribution from probabilistic redshift estimates}",
      journal = {arXiv e-prints},
     keywords = {Astrophysics - Cosmology and Nongalactic Astrophysics, Astrophysics - Instrumentation and Methods for Astrophysics},
         year = 2020,
        month = jul,
          eid = {arXiv:2007.12178},
        pages = {arXiv:2007.12178},
archivePrefix = {arXiv},
       eprint = {2007.12178},
 primaryClass = {astro-ph.CO},
       adsurl = {https://ui.adsabs.harvard.edu/abs/2020arXiv200712178M},
      adsnote = {Provided by the SAO/NASA Astrophysics Data System}
}

@ARTICLE{a25,
       author = {{Birky}, Jessica and {Hogg}, David W. and {Mann}, Andrew W. and {Burgasser}, Adam},
        title = "{Temperatures and Metallicities of M Dwarfs in the APOGEE Survey}",
      journal = {\apj},
     keywords = {982, 1577, 1671, 1858, 2096, Astrophysics - Solar and Stellar Astrophysics, Astrophysics - Astrophysics of Galaxies},
         year = 2020,
        month = mar,
       volume = {892},
       number = {1},
          eid = {31},
        pages = {31},
          doi = {10.3847/1538-4357/ab7004},
archivePrefix = {arXiv},
       eprint = {2001.04962},
 primaryClass = {astro-ph.SR},
       adsurl = {https://ui.adsabs.harvard.edu/abs/2020ApJ...892...31B},
      adsnote = {Provided by the SAO/NASA Astrophysics Data System}
}

@ARTICLE{a24,
       author = {{Dalmasso}, N. and {Pospisil}, T. and {Lee}, A.~B. and {Izbicki}, R. and {Freeman}, P.~E. and {Malz}, A.~I.},
        title = "{Conditional density estimation tools in python and R with applications to photometric redshifts and likelihood-free cosmological inference}",
      journal = {Astronomy and Computing},
     keywords = {Nonparametric statistics, Statistical software, Statistical computing, Methods: Data analysis, Galaxies: Distances and redshifts, Cosmology: Cosmological parameters, Astrophysics - Instrumentation and Methods for Astrophysics, Statistics - Computation, Statistics - Machine Learning},
         year = 2020,
        month = jan,
       volume = {30},
          eid = {100362},
        pages = {100362},
          doi = {10.1016/j.ascom.2019.100362},
archivePrefix = {arXiv},
       eprint = {1908.11523},
 primaryClass = {astro-ph.IM},
       adsurl = {https://ui.adsabs.harvard.edu/abs/2020A&C....3000362D},
      adsnote = {Provided by the SAO/NASA Astrophysics Data System}
}

@ARTICLE{a23,
       author = {{Malz}, A.~I. and {Hlo{\v{z}}ek}, R. and {Allam}, T., Jr. and {Bahmanyar}, A. and {Biswas}, R. and {Dai}, M. and {Galbany}, L. and {Ishida}, E.~E.~O. and {Jha}, S.~W. and {Jones}, D.~O. and {Kessler}, R. and {Lochner}, M. and {Mahabal}, A.~A. and {Mandel}, K.~S. and {Mart{\'\i}nez-Galarza}, J.~R. and {McEwen}, J.~D. and {Muthukrishna}, D. and {Narayan}, G. and {Peiris}, H. and {Peters}, C.~M. and {Ponder}, K. and {Setzer}, C.~N. and {(the LSST Dark Energy Science Collaboration} and {LSST Transients}, the and {Variable Stars Science Collaboration}},
        title = "{The Photometric LSST Astronomical Time-series Classification Challenge PLAsTiCC: Selection of a Performance Metric for Classification Probabilities Balancing Diverse Science Goals}",
      journal = {\aj},
     keywords = {methods: data analysis, methods: statistical, stars: variables: general, supernovae: general, surveys, techniques: photometric, Astrophysics - Instrumentation and Methods for Astrophysics, Astrophysics - Cosmology and Nongalactic Astrophysics, Astrophysics - Solar and Stellar Astrophysics},
         year = 2019,
        month = nov,
       volume = {158},
       number = {5},
          eid = {171},
        pages = {171},
          doi = {10.3847/1538-3881/ab3a2f},
archivePrefix = {arXiv},
       eprint = {1809.11145},
 primaryClass = {astro-ph.IM},
       adsurl = {https://ui.adsabs.harvard.edu/abs/2019AJ....158..171M},
      adsnote = {Provided by the SAO/NASA Astrophysics Data System}
}

@ARTICLE{a22,
       author = {{Leistedt}, Boris and {Hogg}, David W. and {Wechsler}, Risa H. and {DeRose}, Joe},
        title = "{Hierarchical Modeling and Statistical Calibration for Photometric Redshifts}",
      journal = {\apj},
     keywords = {galaxies: distances and redshifts, galaxies: photometry, galaxies: statistics, large-scale structure of universe, Astrophysics - Cosmology and Nongalactic Astrophysics},
         year = 2019,
        month = aug,
       volume = {881},
       number = {1},
          eid = {80},
        pages = {80},
          doi = {10.3847/1538-4357/ab2d29},
archivePrefix = {arXiv},
       eprint = {1807.01391},
 primaryClass = {astro-ph.CO},
       adsurl = {https://ui.adsabs.harvard.edu/abs/2019ApJ...881...80L},
      adsnote = {Provided by the SAO/NASA Astrophysics Data System}
}

@ARTICLE{a21,
       author = {{Vakili}, Mohammadjavad and {Hahn}, ChangHoon},
        title = "{How Are Galaxies Assigned to Halos? Searching for Assembly Bias in the SDSS Galaxy Clustering}",
      journal = {\apj},
     keywords = {galaxies: halos, large-scale structure of universe, Astrophysics - Cosmology and Nongalactic Astrophysics},
         year = 2019,
        month = feb,
       volume = {872},
       number = {1},
          eid = {115},
        pages = {115},
          doi = {10.3847/1538-4357/aaf1a1},
archivePrefix = {arXiv},
       eprint = {1610.01991},
 primaryClass = {astro-ph.CO},
       adsurl = {https://ui.adsabs.harvard.edu/abs/2019ApJ...872..115V},
      adsnote = {Provided by the SAO/NASA Astrophysics Data System}
}

@ARTICLE{a20,
       author = {{Chang}, Chihway and {Wang}, Michael and {Dodelson}, Scott and {Eifler}, Tim and {Heymans}, Catherine and {Jarvis}, Michael and {Jee}, M. James and {Joudaki}, Shahab and {Krause}, Elisabeth and {Malz}, Alex and {Mandelbaum}, Rachel and {Mohammed}, Irshad and {Schneider}, Michael and {Simet}, Melanie and {Troxel}, Michael A. and {Zuntz}, Joe and {LSST Dark Energy Science Collaboration}},
        title = "{A unified analysis of four cosmic shear surveys}",
      journal = {\mnras},
     keywords = {gravitational lensing: weak, surveys, cosmological parameters, cosmology: observations, Astrophysics - Cosmology and Nongalactic Astrophysics},
         year = 2019,
        month = jan,
       volume = {482},
       number = {3},
        pages = {3696-3717},
          doi = {10.1093/mnras/sty2902},
archivePrefix = {arXiv},
       eprint = {1808.07335},
 primaryClass = {astro-ph.CO},
       adsurl = {https://ui.adsabs.harvard.edu/abs/2019MNRAS.482.3696C},
      adsnote = {Provided by the SAO/NASA Astrophysics Data System}
}

@ARTICLE{a19,
       author = {{Bonaca}, Ana and {Hogg}, David W.},
        title = "{The Information Content in Cold Stellar Streams}",
      journal = {\apj},
     keywords = {dark matter, Galaxy: halo, Galaxy: kinematics and dynamics, methods: statistical, Astrophysics - Astrophysics of Galaxies},
         year = 2018,
        month = nov,
       volume = {867},
       number = {2},
          eid = {101},
        pages = {101},
          doi = {10.3847/1538-4357/aae4da},
archivePrefix = {arXiv},
       eprint = {1804.06854},
 primaryClass = {astro-ph.GA},
       adsurl = {https://ui.adsabs.harvard.edu/abs/2018ApJ...867..101B},
      adsnote = {Provided by the SAO/NASA Astrophysics Data System}
}

@ARTICLE{a18,
       author = {{Anderson}, Lauren and {Hogg}, David W. and {Leistedt}, Boris and {Price-Whelan}, Adrian M. and {Bovy}, Jo},
        title = "{Improving Gaia Parallax Precision with a Data-driven Model of Stars}",
      journal = {\aj},
     keywords = {catalogs, Hertzsprung{\textendash}Russell and C{\textendash}M diagrams, methods: statistical, parallaxes, Astrophysics - Astrophysics of Galaxies},
         year = 2018,
        month = oct,
       volume = {156},
       number = {4},
          eid = {145},
        pages = {145},
          doi = {10.3847/1538-3881/aad7bf},
archivePrefix = {arXiv},
       eprint = {1706.05055},
 primaryClass = {astro-ph.GA},
       adsurl = {https://ui.adsabs.harvard.edu/abs/2018AJ....156..145A},
      adsnote = {Provided by the SAO/NASA Astrophysics Data System}
}

@ARTICLE{a17,
       author = {{Malz}, A.~I. and {Marshall}, P.~J. and {DeRose}, J. and {Graham}, M.~L. and {Schmidt}, S.~J. and {Wechsler}, R. and {(LSST Dark Energy Science Collaboration}},
        title = "{Approximating Photo-z PDFs for Large Surveys}",
      journal = {\aj},
     keywords = {astronomical databases: miscellaneous, catalogs, galaxies: distances and redshifts, methods: miscellaneous, methods: statistical, Astrophysics - Instrumentation and Methods for Astrophysics},
         year = 2018,
        month = jul,
       volume = {156},
       number = {1},
          eid = {35},
        pages = {35},
          doi = {10.3847/1538-3881/aac6b5},
archivePrefix = {arXiv},
       eprint = {1806.00014},
 primaryClass = {astro-ph.IM},
       adsurl = {https://ui.adsabs.harvard.edu/abs/2018AJ....156...35M},
      adsnote = {Provided by the SAO/NASA Astrophysics Data System}
}

@ARTICLE{a16,
       author = {{Price-Whelan}, Adrian M. and {Hogg}, David W. and {Rix}, Hans-Walter and {De Lee}, Nathan and {Majewski}, Steven R. and {Nidever}, David L. and {Troup}, Nicholas and {Fern{\'a}ndez-Trincado}, Jos{\'e} G. and {Garc{\'\i}a-Hern{\'a}ndez}, Domingo A. and {Longa-Pe{\~n}a}, Pen{\'e}lope and {Nitschelm}, Christian and {Sobeck}, Jennifer and {Zamora}, Olga},
        title = "{Binary Companions of Evolved Stars in APOGEE DR14: Search Method and Catalog of {\ensuremath{\sim}}5000 Companions}",
      journal = {\aj},
     keywords = {binaries: spectroscopic, methods: data analysis, methods: statistical, planets and satellites: fundamental parameters, surveys, techniques: radial velocities, Astrophysics - Solar and Stellar Astrophysics},
         year = 2018,
        month = jul,
       volume = {156},
       number = {1},
          eid = {18},
        pages = {18},
          doi = {10.3847/1538-3881/aac387},
archivePrefix = {arXiv},
       eprint = {1804.04662},
 primaryClass = {astro-ph.SR},
       adsurl = {https://ui.adsabs.harvard.edu/abs/2018AJ....156...18P},
      adsnote = {Provided by the SAO/NASA Astrophysics Data System}
}

@ARTICLE{a15,
       author = {{Hogg}, David W. and {Foreman-Mackey}, Daniel},
        title = "{Data Analysis Recipes: Using Markov Chain Monte Carlo}",
      journal = {\apjs},
     keywords = {methods: data analysis, methods: numerical, methods: statistical, Astrophysics - Instrumentation and Methods for Astrophysics, Physics - Data Analysis, Statistics and Probability, Statistics - Computation},
         year = 2018,
        month = may,
       volume = {236},
       number = {1},
          eid = {11},
        pages = {11},
          doi = {10.3847/1538-4365/aab76e},
archivePrefix = {arXiv},
       eprint = {1710.06068},
 primaryClass = {astro-ph.IM},
       adsurl = {https://ui.adsabs.harvard.edu/abs/2018ApJS..236...11H},
      adsnote = {Provided by the SAO/NASA Astrophysics Data System}
}

@ARTICLE{a14,
       author = {{Hogg}, David W},
        title = "{A likelihood function for the Gaia Data}",
      journal = {arXiv e-prints},
     keywords = {Astrophysics - Instrumentation and Methods for Astrophysics, Astrophysics - Solar and Stellar Astrophysics},
         year = 2018,
        month = apr,
          eid = {arXiv:1804.07766},
        pages = {arXiv:1804.07766},
archivePrefix = {arXiv},
       eprint = {1804.07766},
 primaryClass = {astro-ph.IM},
       adsurl = {https://ui.adsabs.harvard.edu/abs/2018arXiv180407766H},
      adsnote = {Provided by the SAO/NASA Astrophysics Data System}
}

@ARTICLE{a13,
       author = {{Widmark}, Axel and {Leistedt}, Boris and {Hogg}, David W.},
        title = "{Inferring Binary and Trinary Stellar Populations in Photometric and Astrometric Surveys}",
      journal = {\apj},
     keywords = {astrometry, binaries: general, stars: statistics, Astrophysics - Solar and Stellar Astrophysics, Astrophysics - Astrophysics of Galaxies},
         year = 2018,
        month = apr,
       volume = {857},
       number = {2},
          eid = {114},
        pages = {114},
          doi = {10.3847/1538-4357/aab7ee},
archivePrefix = {arXiv},
       eprint = {1801.08547},
 primaryClass = {astro-ph.SR},
       adsurl = {https://ui.adsabs.harvard.edu/abs/2018ApJ...857..114W},
      adsnote = {Provided by the SAO/NASA Astrophysics Data System}
}

@ARTICLE{a12,
       author = {{Ness}, M. and {Rix}, H. -W. and {Hogg}, David W. and {Casey}, A.~R. and {Holtzman}, J. and {Fouesneau}, M. and {Zasowski}, G. and {Geisler}, D. and {Shetrone}, M. and {Minniti}, D. and {Frinchaboy}, Peter M. and {Roman-Lopes}, Alexandre},
        title = "{Galactic Doppelg{\"a}ngers: The Chemical Similarity Among Field Stars and Among Stars with a Common Birth Origin}",
      journal = {\apj},
     keywords = {Galaxy: abundances, Galaxy: disk, Galaxy: formation, methods: statistical, open clusters and associations: individual: abundances, stars: abundances, Astrophysics - Solar and Stellar Astrophysics, Astrophysics - Astrophysics of Galaxies},
         year = 2018,
        month = feb,
       volume = {853},
       number = {2},
          eid = {198},
        pages = {198},
          doi = {10.3847/1538-4357/aa9d8e},
archivePrefix = {arXiv},
       eprint = {1701.07829},
 primaryClass = {astro-ph.SR},
       adsurl = {https://ui.adsabs.harvard.edu/abs/2018ApJ...853..198N},
      adsnote = {Provided by the SAO/NASA Astrophysics Data System}
}

@ARTICLE{a11,
       author = {{Vakili}, Mohammadjavad and {Kitaura}, Francisco-Shu and {Feng}, Yu and {Yepes}, Gustavo and {Zhao}, Cheng and {Chuang}, Chia-Hsun and {Hahn}, ChangHoon},
        title = "{Accurate halo-galaxy mocks from automatic bias estimation and particle mesh gravity solvers}",
      journal = {\mnras},
     keywords = {distance scale, large-scale structure of Universe, Astrophysics - Cosmology and Nongalactic Astrophysics},
         year = 2017,
        month = dec,
       volume = {472},
       number = {4},
        pages = {4144-4154},
          doi = {10.1093/mnras/stx2184},
archivePrefix = {arXiv},
       eprint = {1701.03765},
 primaryClass = {astro-ph.CO},
       adsurl = {https://ui.adsabs.harvard.edu/abs/2017MNRAS.472.4144V},
      adsnote = {Provided by the SAO/NASA Astrophysics Data System}
}

@ARTICLE{a10,
       author = {{Leistedt}, Boris and {Hogg}, David W.},
        title = "{Hierarchical Probabilistic Inference of the Color-Magnitude Diagram and Shrinkage of Stellar Distance Uncertainties}",
      journal = {\aj},
     keywords = {Hertzsprung-Russell and C-M diagrams, methods: statistical, stars: distances, Astrophysics - Solar and Stellar Astrophysics, Astrophysics - Astrophysics of Galaxies, Astrophysics - Instrumentation and Methods for Astrophysics},
         year = 2017,
        month = dec,
       volume = {154},
       number = {6},
          eid = {222},
        pages = {222},
          doi = {10.3847/1538-3881/aa91d5},
archivePrefix = {arXiv},
       eprint = {1703.08112},
 primaryClass = {astro-ph.SR},
       adsurl = {https://ui.adsabs.harvard.edu/abs/2017AJ....154..222L},
      adsnote = {Provided by the SAO/NASA Astrophysics Data System}
}

@ARTICLE{a9,
       author = {{Wang}, Dun and {Hogg}, David W. and {Foreman-Mackey}, Daniel and {Sch{\"o}lkopf}, Bernhard},
        title = "{A pixel-level model for event discovery in time-domain imaging}",
      journal = {arXiv e-prints},
     keywords = {Astrophysics - Instrumentation and Methods for Astrophysics},
         year = 2017,
        month = oct,
          eid = {arXiv:1710.02428},
        pages = {arXiv:1710.02428},
archivePrefix = {arXiv},
       eprint = {1710.02428},
 primaryClass = {astro-ph.IM},
       adsurl = {https://ui.adsabs.harvard.edu/abs/2017arXiv171002428W},
      adsnote = {Provided by the SAO/NASA Astrophysics Data System}
}

@ARTICLE{a8,
       author = {{Hawkins}, Keith and {Leistedt}, Boris and {Bovy}, Jo and {Hogg}, David W.},
        title = "{Red clump stars and Gaia: calibration of the standard candle using a hierarchical probabilistic model}",
      journal = {\mnras},
     keywords = {Stars: distances, Stars: fundamental parameters, Stars: statistics, Astrophysics - Astrophysics of Galaxies, Astrophysics - Solar and Stellar Astrophysics},
         year = 2017,
        month = oct,
       volume = {471},
       number = {1},
        pages = {722-729},
          doi = {10.1093/mnras/stx1655},
archivePrefix = {arXiv},
       eprint = {1705.08988},
 primaryClass = {astro-ph.GA},
       adsurl = {https://ui.adsabs.harvard.edu/abs/2017MNRAS.471..722H},
      adsnote = {Provided by the SAO/NASA Astrophysics Data System}
}

@ARTICLE{a7,
       author = {{Hahn}, ChangHoon and {Vakili}, Mohammadjavad and {Walsh}, Kilian and {Hearin}, Andrew P. and {Hogg}, David W. and {Campbell}, Duncan},
        title = "{Approximate Bayesian computation in large-scale structure: constraining the galaxy-halo connection}",
      journal = {\mnras},
     keywords = {methods: data analysis, methods: statistical, galaxies: haloes, dark matter, large-scale structure of Universe, Astrophysics - Cosmology and Nongalactic Astrophysics},
         year = 2017,
        month = aug,
       volume = {469},
       number = {3},
        pages = {2791-2805},
          doi = {10.1093/mnras/stx894},
archivePrefix = {arXiv},
       eprint = {1607.01782},
 primaryClass = {astro-ph.CO},
       adsurl = {https://ui.adsabs.harvard.edu/abs/2017MNRAS.469.2791H},
      adsnote = {Provided by the SAO/NASA Astrophysics Data System}
}

@article{strubell2019energy,
  title={Energy and policy considerations for deep learning in NLP},
  author={Strubell, Emma and Ganesh, Ananya and McCallum, Andrew},
  journal={arXiv preprint arXiv:1906.02243},
  year={2019}
}

@inproceedings{bender2021dangers,
  title={On the Dangers of Stochastic Parrots: Can Language Models Be Too Big?},
  author={Bender, Emily M and Gebru, Timnit and McMillan-Major, Angelina and Shmitchell, Shmargaret},
  booktitle={Proceedings of the 2021 ACM Conference on Fairness, Accountability, and Transparency},
  pages={610--623},
  year={2021}
}

@inproceedings{cohen2016group,
  title={Group equivariant convolutional networks},
  author={Cohen, Taco and Welling, Max},
  booktitle={International conference on machine learning},
  pages={2990--2999},
  year={2016},
  organization={PMLR}
}

@inproceedings{stark2022equibind,
  title={Equibind: Geometric deep learning for drug binding structure prediction},
  author={St{\"a}rk, Hannes and Ganea, Octavian and Pattanaik, Lagnajit and Barzilay, Regina and Jaakkola, Tommi},
  booktitle={International Conference on Machine Learning},
  pages={20503--20521},
  year={2022},
  organization={PMLR}
}

@article{wang2022approximately,
  title={Approximately Equivariant Networks for Imperfectly Symmetric Dynamics},
  author={Wang, Rui and Walters, Robin and Yu, Rose},
  journal={arXiv preprint arXiv:2201.11969},
  year={2022}
}

@article{batzner20223,
  title={E (3)-equivariant graph neural networks for data-efficient and accurate interatomic potentials},
  author={Batzner, Simon and Musaelian, Albert and Sun, Lixin and Geiger, Mario and Mailoa, Jonathan P and Kornbluth, Mordechai and Molinari, Nicola and Smidt, Tess E and Kozinsky, Boris},
  journal={Nature communications},
  volume={13},
  number={1},
  pages={1--11},
  year={2022},
  publisher={Nature Publishing Group}
}

@article{geiger2022e3nn,
  title={e3nn: Euclidean Neural Networks},
  author={Geiger, Mario and Smidt, Tess},
  journal={arXiv preprint arXiv:2207.09453},
  year={2022}
}

@article{miller2020relevance,
  title={Relevance of rotationally equivariant convolutions for predicting molecular properties},
  author={Miller, Benjamin Kurt and Geiger, Mario and Smidt, Tess E and No{\'e}, Frank},
  journal={arXiv preprint arXiv:2008.08461},
  year={2020}
}

@article{cahill2020lie,
  title={Lie PCA: Density estimation for symmetric manifolds},
  author={Cahill, Jameson and Mixon, Dustin G and Parshall, Hans},
  journal={arXiv preprint arXiv:2008.04278},
  year={2020}
}
@article{villar2022dimensionless,
  title={Dimensionless machine learning: Imposing exact units equivariance},
  author={Villar, Soledad and Yao, Weichi and Hogg, David W and Blum-Smith, Ben and Dumitrascu, Bianca},
  journal={arXiv preprint arXiv:2204.00887},
  year={2022}
}

@article{bommasani2021opportunities,
  title={On the opportunities and risks of foundation models},
  author={Bommasani, Rishi and Hudson, Drew A and Adeli, Ehsan and Altman, Russ and Arora, Simran and others},
  journal={arXiv preprint arXiv:2108.07258},
  year={2021}
}
@article{patterson2022carbon,
  title={The Carbon Footprint of Machine Learning Training Will Plateau, Then Shrink},
  author={Patterson, David and Gonzalez, Joseph and H{\"o}lzle, Urs and Le, Quoc and Liang, Chen and Munguia, Lluis-Miquel and Rothchild, Daniel and So, David and Texier, Maud and Dean, Jeff},
  journal={arXiv preprint arXiv:2204.05149},
  year={2022}
}

@ARTICLE{a6,
       author = {{Oh}, Semyeong and {Price-Whelan}, Adrian M. and {Hogg}, David W. and {Morton}, Timothy D. and {Spergel}, David N.},
        title = "{Comoving Stars in Gaia DR1: An Abundance of Very Wide Separation Comoving Pairs}",
      journal = {\aj},
     keywords = {binaries: visual, methods: statistical, open clusters and associations: general, parallaxes, proper motions, stars: formation, Astrophysics - Solar and Stellar Astrophysics, Astrophysics - Astrophysics of Galaxies},
         year = 2017,
        month = jun,
       volume = {153},
       number = {6},
          eid = {257},
        pages = {257},
          doi = {10.3847/1538-3881/aa6ffd},
archivePrefix = {arXiv},
       eprint = {1612.02440},
 primaryClass = {astro-ph.SR},
       adsurl = {https://ui.adsabs.harvard.edu/abs/2017AJ....153..257O},
      adsnote = {Provided by the SAO/NASA Astrophysics Data System}
}

@ARTICLE{a5,
       author = {{Leistedt}, Boris and {Hogg}, David W.},
        title = "{Data-driven, Interpretable Photometric Redshifts Trained on Heterogeneous and Unrepresentative Data}",
      journal = {\apj},
     keywords = {galaxies: distances and redshifts, large-scale structure of universe, 98.62.Py, 98.80.Es, Astrophysics - Cosmology and Nongalactic Astrophysics},
         year = 2017,
        month = mar,
       volume = {838},
       number = {1},
          eid = {5},
        pages = {5},
          doi = {10.3847/1538-4357/aa6332},
archivePrefix = {arXiv},
       eprint = {1612.00847},
 primaryClass = {astro-ph.CO},
       adsurl = {https://ui.adsabs.harvard.edu/abs/2017ApJ...838....5L},
      adsnote = {Provided by the SAO/NASA Astrophysics Data System}
}

@ARTICLE{a4,
       author = {{Price-Whelan}, Adrian M. and {Hogg}, David W. and {Foreman-Mackey}, Daniel and {Rix}, Hans-Walter},
        title = "{The Joker: A Custom Monte Carlo Sampler for Binary-star and Exoplanet Radial Velocity Data}",
      journal = {\apj},
     keywords = {binaries: spectroscopic, methods: data analysis, methods: statistical, planets and satellites: fundamental parameters, surveys, techniques: radial velocities, Astrophysics - Solar and Stellar Astrophysics, Astrophysics - Earth and Planetary Astrophysics},
         year = 2017,
        month = mar,
       volume = {837},
       number = {1},
          eid = {20},
        pages = {20},
          doi = {10.3847/1538-4357/aa5e50},
archivePrefix = {arXiv},
       eprint = {1610.07602},
 primaryClass = {astro-ph.SR},
       adsurl = {https://ui.adsabs.harvard.edu/abs/2017ApJ...837...20P},
      adsnote = {Provided by the SAO/NASA Astrophysics Data System}
}

@ARTICLE{a3,
       author = {{Hogg}, David W. and {Casey}, Andrew R. and {Ness}, Melissa and {Rix}, Hans-Walter and {Foreman-Mackey}, Daniel and {Hasselquist}, Sten and {Ho}, Anna Y.~Q. and {Holtzman}, Jon A. and {Majewski}, Steven R. and {Martell}, Sarah L. and {M{\'e}sz{\'a}ros}, Szabolcs and {Nidever}, David L. and {Shetrone}, Matthew},
        title = "{Chemical Tagging Can Work: Identification of Stellar Phase-space Structures Purely by Chemical-abundance Similarity}",
      journal = {\apj},
     keywords = {Galaxy: abundances, Galaxy: stellar content, Galaxy: structure, globular clusters: general, open clusters and associations: general, stars: abundances, Astrophysics - Astrophysics of Galaxies, Astrophysics - Solar and Stellar Astrophysics},
         year = 2016,
        month = dec,
       volume = {833},
       number = {2},
          eid = {262},
        pages = {262},
          doi = {10.3847/1538-4357/833/2/262},
archivePrefix = {arXiv},
       eprint = {1601.05413},
 primaryClass = {astro-ph.GA},
       adsurl = {https://ui.adsabs.harvard.edu/abs/2016ApJ...833..262H},
      adsnote = {Provided by the SAO/NASA Astrophysics Data System}
}

@ARTICLE{a2,
       author = {{Vakili}, Mohammadjavad and {Hogg}, David W.},
        title = "{Do fast stellar centroiding methods saturate the Cram{\'e}r-Rao lower bound?}",
      journal = {arXiv e-prints},
     keywords = {Astrophysics - Instrumentation and Methods for Astrophysics},
         year = 2016,
        month = oct,
          eid = {arXiv:1610.05873},
        pages = {arXiv:1610.05873},
archivePrefix = {arXiv},
       eprint = {1610.05873},
 primaryClass = {astro-ph.IM},
       adsurl = {https://ui.adsabs.harvard.edu/abs/2016arXiv161005873V},
      adsnote = {Provided by the SAO/NASA Astrophysics Data System}
}

@ARTICLE{a1,
       author = {{Casey}, Andrew R. and {Hogg}, David W. and {Ness}, Melissa and {Rix}, Hans-Walter and {Ho}, Anna Q Y and {Gilmore}, Gerry},
        title = "{The Cannon 2: A data-driven model of stellar spectra for detailed chemical abundance analyses}",
      journal = {arXiv e-prints},
     keywords = {Astrophysics - Solar and Stellar Astrophysics},
         year = 2016,
        month = mar,
          eid = {arXiv:1603.03040},
        pages = {arXiv:1603.03040},
archivePrefix = {arXiv},
       eprint = {1603.03040},
 primaryClass = {astro-ph.SR},
       adsurl = {https://ui.adsabs.harvard.edu/abs/2016arXiv160303040C},
      adsnote = {Provided by the SAO/NASA Astrophysics Data System}
}

@article{luna1976fonctions,
  title={Fonctions diff{\'e}rentiables invariantes sous l'op{\'e}ration d'un groupe r{\'e}ductif},
  author={Luna, Domingo},
  journal={Annales de l'institut Fourier},
  volume={26},
  number={1},
  pages={33--49},
  year={1976}
}


@article{schwarz1975smooth,
  title={Smooth functions invariant under the action of a compact Lie group},
  author={Schwarz, Gerald W},
  journal={Topology},
  volume={14},
  number={1},
  pages={63--68},
  year={1975},
  publisher={Pergamon}
}


@article{schwarz1980lifting,
  title={Lifting smooth homotopies of orbit spaces},
  author={Schwarz, Gerald W},
  journal={Publications Math{\'e}matiques de l'IH{\'E}S},
  volume={51},
  pages={37--135},
  year={1980}
}

@incollection{ronga1975stabilite,
  title={Stabilit{\'e} locale des applications {\'e}quivariantes},
  author={Ronga, F},
  booktitle={Differential topology and geometry},
  pages={23--35},
  year={1975},
  publisher={Springer}
}

@misc{ref1,
  doi = {10.48550/ARXIV.2209.04934},
  
  url = {https://arxiv.org/abs/2209.04934},
  
  author = {Brandstetter, Johannes and Berg, Rianne van den and Welling, Max and Gupta, Jayesh K.},
  
  keywords = {Machine Learning (cs.LG), Computer Vision and Pattern Recognition (cs.CV), Fluid Dynamics (physics.flu-dyn), FOS: Computer and information sciences, FOS: Computer and information sciences, FOS: Physical sciences, FOS: Physical sciences},
  
  title = {Clifford Neural Layers for PDE Modeling},
  
  publisher = {arXiv},
  
  year = {2022},
  
  copyright = {Creative Commons Attribution Share Alike 4.0 International}
}


@misc{ref2,
  doi = {10.48550/ARXIV.2206.08362},
  
  url = {https://arxiv.org/abs/2206.08362},
  
  author = {Xu, Yinshuang and Lei, Jiahui and Dobriban, Edgar and Daniilidis, Kostas},
  
  keywords = {Computer Vision and Pattern Recognition (cs.CV), FOS: Computer and information sciences, FOS: Computer and information sciences},
  
  title = {Unified Fourier-based Kernel and Nonlinearity Design for Equivariant Networks on Homogeneous Spaces},
  
  publisher = {arXiv},
  
  year = {2022},
  
  copyright = {arXiv.org perpetual, non-exclusive license}
}

@misc{ref3,
  doi = {10.48550/ARXIV.1802.03690},
  
  url = {https://arxiv.org/abs/1802.03690},
  
  author = {Kondor, Risi and Trivedi, Shubhendu},
  
  keywords = {Machine Learning (stat.ML), Machine Learning (cs.LG), FOS: Computer and information sciences, FOS: Computer and information sciences},
  
  title = {On the Generalization of Equivariance and Convolution in Neural Networks to the Action of Compact Groups},
  
  publisher = {arXiv},
  
  year = {2018},
  
  copyright = {arXiv.org perpetual, non-exclusive license}
}

@article{ref4,
  doi = {10.48550/ARXIV.1612.08498},
  
  url = {https://arxiv.org/abs/1612.08498},
  
  author = {Cohen, Taco S. and Welling, Max},
  
  keywords = {Machine Learning (cs.LG), Machine Learning (stat.ML), FOS: Computer and information sciences, FOS: Computer and information sciences},
  
  title = {Steerable CNNs},
  
  publisher = {arXiv},
  
  year = {2016},
  
  copyright = {arXiv.org perpetual, non-exclusive license}
}
 @book{ref5, title={A course in abstract harmonic analysis}, publisher={CRC Press}, author={Folland, G. B.}, year={2016}} 
 
  @book{ref6, title={Engineering applications of noncommutative harmonic analysis: With emphasis on rotation and motion groups}, publisher={CRC PRESS}, author={Gregory S. Chirikjian and Alexander B. Kyatkin}, year={2021}} 
  
  @inproceedings{marcos2017rotation,
  title={Rotation equivariant vector field networks},
  author={Marcos, Diego and Volpi, Michele and Komodakis, Nikos and Tuia, Devis},
  booktitle={Proceedings of the IEEE International Conference on Computer Vision},
  pages={5048--5057},
  year={2017}
}

@article{thomas2018tensor,
  title={Tensor field networks: Rotation-and translation-equivariant neural networks for 3d point clouds},
  author={Thomas, Nathaniel and Smidt, Tess and Kearnes, Steven and Yang, Lusann and Li, Li and Kohlhoff, Kai and Riley, Patrick},
  journal={arXiv:1802.08219},
  year={2018}
}

@article{kondor2018covariant,
  title={Covariant compositional networks for learning graphs},
  author={Kondor, Risi and Son, Hy Truong and Pan, Horace and Anderson, Brandon and Trivedi, Shubhendu},
  journal={arXiv:1801.02144},
  year={2018}
}

@inproceedings{zhao2020quaternion,
  title={Quaternion equivariant capsule networks for 3d point clouds},
  author={Zhao, Yongheng and Birdal, Tolga and Lenssen, Jan Eric and Menegatti, Emanuele and Guibas, Leonidas and Tombari, Federico},
  booktitle={European Conference on Computer Vision},
  pages={1--19},
  year={2020},
  organization={Springer}
}

@article{fuchs2020se,
  title={SE (3)-Transformers: 3D Roto-Translation Equivariant Attention Networks},
  author={Fuchs, Fabian and Worrall, Daniel and Fischer, Volker and Welling, Max},
  journal={Neural Information Processing Systems},
  volume={33},
  year={2020}
}

@article{enequivariant,
  author    = {Victor Garcia Satorras and
               Emiel Hoogeboom and
               Max Welling},
  title     = {E(n) Equivariant Graph Neural Networks},
  journal   = {arXiv:2102.09844},
  year      = {2021}
}

@article{finzi2021practical,
  title={A Practical Method for Constructing Equivariant Multilayer Perceptrons for Arbitrary Matrix Groups},
  author={Finzi, Marc and Welling, Max and Wilson, Andrew Gordon},
  journal={arXiv:2104.09459},
  year={2021}
}

@article{dym2020universality,
	Author = {Dym, Nadav and Maron, Haggai},
	Journal = {arXiv:2010.02449},
	Title = {On the Universality of Rotation Equivariant Point Cloud Networks},
	Year = {2020}}
	
	
@article{kondor2018n,
	Author = {Kondor, Risi},
	Journal = {arXiv:1803.01588},
	Title = {N-body networks: a covariant hierarchical neural network architecture for learning atomic potentials},
	Year = {2018}}
	
@inproceedings{zhang2019rotation,
  title={Rotation invariant convolutions for 3d point clouds deep learning},
  author={Zhang, Zhiyuan and Hua, Binh-Son and Rosen, David W and Yeung, Sai-Kit},
  booktitle={2019 International Conference on 3D Vision (3DV)},
  pages={204--213},
  year={2019},
  organization={IEEE}
}

@inproceedings{bogatskiy2020lorentz,
  title={Lorentz group equivariant neural network for particle physics},
  author={Bogatskiy, Alexander and Anderson, Brandon and Offermann, Jan and Roussi, Marwah and Miller, David and Kondor, Risi},
  booktitle={International Conference on Machine Learning},
  pages={992--1002},
  year={2020},
  organization={PMLR}
}

@article{ravanbakhsh2017sharing,
  title={Equivariance Through Parameter-Sharing},
  author={Ravanbakhsh, Siamak and Schneider, Jeff and Poczos, Barnabas},
  journal={Proceedings of the 34th International Conference on Machine Learning},
  year={2017}
}

@misc{yao2021simple,
      title={A simple equivariant machine learning method for dynamics based on scalars}, 
      author={Weichi Yao and Kate Storey-Fisher and David W. Hogg and Soledad Villar},
      year={2021},
      eprint={2110.03761},
      archivePrefix={arXiv},
      primaryClass={cs.LG}
}



 @article{kondor2018clebsch,
  title={Clebsch--gordan nets: a fully fourier space spherical convolutional neural network},
  author={Kondor, Risi and Lin, Zhen and Trivedi, Shubhendu},
  journal={Advances in Neural Information Processing Systems},
  volume={31},
  pages={10117--10126},
  year={2018}
}

@inproceedings{bokman2022zz,
  title={Zz-net: A universal rotation equivariant architecture for 2d point clouds},
  author={B{\"o}kman, Georg and Kahl, Fredrik and Flinth, Axel},
  booktitle={Proceedings of the IEEE/CVF Conference on Computer Vision and Pattern Recognition},
  pages={10976--10985},
  year={2022}
}

@article{wiersma2020cnns,
  title={Cnns on surfaces using rotation-equivariant features},
  author={Wiersma, Ruben and Eisemann, Elmar and Hildebrandt, Klaus},
  journal={ACM Transactions on Graphics (TOG)},
  volume={39},
  number={4},
  pages={92--1},
  year={2020},
  publisher={ACM New York, NY, USA}
}


@inproceedings{sun2020zernet,
  title={Zernet: Convolutional neural networks on arbitrary surfaces via zernike local tangent space estimation},
  author={Sun, Zhiyu and Rooke, Ethan and Charton, Jerome and He, Yusen and Lu, Jia and Baek, Stephen},
  booktitle={Computer Graphics Forum},
  volume={39},
  number={6},
  pages={204--216},
  year={2020},
  organization={Wiley Online Library}
}

@inproceedings{zhang2019rotation,
  title={Rotation invariant convolutions for 3d point clouds deep learning},
  author={Zhang, Zhiyuan and Hua, Binh-Son and Rosen, David W and Yeung, Sai-Kit},
  booktitle={2019 International Conference on 3D Vision (3DV)},
  pages={204--213},
  year={2019},
  organization={IEEE}
}

@inproceedings{maron2018invariant,
	Author = {Maron, Haggai and Ben-Hamu, Heli and Shamir, Nadav and Lipman, Yaron},
	Booktitle = {International Conference on Learning Representations},
	Title = {Invariant and Equivariant Graph Networks},
	Year = {2018}}
	
@article{ravanbakhsh2017sharing,
  title={Equivariance Through Parameter-Sharing},
  author={Ravanbakhsh, Siamak and Schneider, Jeff and Poczos, Barnabas},
  journal={Proceedings of the 34th International Conference on Machine Learning},
  year={2017}
}

@article{luo2021quantum,
    author = "Luo, Di and Chen, Zhuo and Hu, Kaiwen and Zhao, Zhizhen and Hur, Vera Mikyoung and Clark, Bryan K.",
    title = "{Gauge Invariant Autoregressive Neural Networks for Quantum Lattice Models}",
    journal = "arXiv:2101.07243",
    archivePrefix = "arXiv",
    primaryClass = "cond-mat.str-el",
    year = "2021"
}


@article{benton2020learning,
	Author = {Benton, Gregory and Finzi, Marc and Izmailov, Pavel and Wilson, Andrew Gordon},
	Journal = {arXiv:2010.11882},
	Title = {Learning Invariances in Neural Networks},
	Year = {2020}}

@article{bloemreddy2019probabilistic,
  title={Probabilistic Symmetry and Invariant Neural Networks},
  author={Bloem-Reddy, Benjamin and Teh, Yee Whye},
  journal={arXiv:1901.06082},
  year={2019}
}

@article{yarotsky2018universal,
  title={Universal Approximations of Invariant Maps by Neural Networks},
  author={Yarotsky, Dmitry},
  journal={arXiv:1804.10306},
  year={2018}
}

@article{kondor2018convolution,
  title={On the Generalization of Equivariance and Convolution in Neural Networks to the Action of Compact Groups},
  author={Kondor, Risi and Trivedi, Shubhendu},
  journal={Proceedings of the 35th International Conference on Machine Learning},
  year={2018}
}

@article{azizian2020characterizing,
  title={Characterizing the expressive power of invariant and equivariant graph neural networks},
  author={Azizian, Wa{\"\i}ss and Lelarge, Marc},
  journal={arXiv:2006.15646},
  year={2020}
}

@article{ling2016machine,
author = {Ling, Julia and Jones, Reese and Templeton, Jeremy},
year = {2016},
month = {05},
pages = {},
title = {Machine learning strategies for systems with invariance properties},
volume = {318},
journal = {Journal of Computational Physics},
doi = {10.1016/j.jcp.2016.05.003}
}


@article{karniadakis2021physics,
  title={Physics-informed machine learning},
  author={Karniadakis, George Em and Kevrekidis, Ioannis G and Lu, Lu and Perdikaris, Paris and Wang, Sifan and Yang, Liu},
  journal={Nature Reviews Physics},
  volume={3},
  number={6},
  pages={422--440},
  year={2021},
  publisher={Nature Publishing Group}
}

@article{lawrence2021implicit,
  title={Implicit Bias of Linear Equivariant Networks},
  author={Lawrence, Hannah and Georgiev, Kristian and Dienes, Andrew and Kiani, Bobak T},
  journal={arXiv preprint arXiv:2110.06084},
  year={2021}
}

@article{haddadin2021invariant,
  title={Invariant polynomials and machine learning},
  author={Haddadin, Ward},
  journal={arXiv preprint arXiv:2104.12733},
  year={2021}
}

@article{kumagai2020universal,
  title={Universal Approximation Theorem for Equivariant Maps by Group CNNs},
  author={Kumagai, Wataru and Sannai, Akiyoshi},
  journal={arXiv preprint arXiv:2012.13882},
  year={2020}
}


@inproceedings{gerken2022equivariance,
  title={Equivariance versus Augmentation for Spherical Images},
  author={Gerken, Jan and Carlsson, Oscar and Linander, Hampus and Ohlsson, Fredrik and Petersson, Christoffer and Persson, Daniel},
  booktitle={International Conference on Machine Learning},
  pages={7404--7421},
  year={2022},
  organization={PMLR}
}

@inproceedings{segol2019universal,
  title={On Universal Equivariant Set Networks},
  author={Segol, Nimrod and Lipman, Yaron},
  booktitle={International Conference on Learning Representations},
  year={2019}
}

@inproceedings{keriven2019universal,
  title={Universal invariant and equivariant graph neural networks},
  author={Keriven, Nicolas and Peyr{\'e}, Gabriel},
  booktitle={Neural Information Processing Systems},
  pages={7092--7101},
  year={2019}
}

@inproceedings{maron2019universality,
  title={On the Universality of Invariant Networks},
  author={Maron, Haggai and Fetaya, Ethan and Segol, Nimrod and Lipman, Yaron},
  booktitle={International Conference on Machine Learning},
  pages={4363--4371},
  year={2019}
}



@misc{2022blum-smith-villar-equivariant,
  doi = {10.48550/ARXIV.2209.14991},
  
  url = {https://arxiv.org/abs/2209.14991},
  
  author = {Blum-Smith, Ben and Villar, Soledad},
  
  keywords = {Machine Learning (stat.ML), Machine Learning (cs.LG), FOS: Computer and information sciences, FOS: Computer and information sciences},
  
  title = {Equivariant maps from invariant functions},
  
  publisher = {arXiv},
  
  year = {2022},
  
  copyright = {arXiv.org perpetual, non-exclusive license}
}

@article{WOOD199633,
title = {Representation theory and invariant neural networks},
journal = {Discrete Applied Mathematics},
volume = {69},
number = {1},
pages = {33-60},
year = {1996},
issn = {0166-218X},
doi = {https://doi.org/10.1016/0166-218X(95)00075-3},
url = {https://www.sciencedirect.com/science/article/pii/0166218X95000753},
author = {Jeffrey Wood and John Shawe-Taylor},
abstract = {A feedforward neural network is a computational device used for pattern recognition. In many recognition problems, certain transformations exist which, when applied to a pattern, leave its classification unchanged. Invariance under a given group of transformations is therefore typically a desirable property of pattern classifiers. In this paper, we present a methodology, based on representation theory, for the construction of a neural network invariant under any given finite linear group. Such networks show improved generalization abilities and may also learn faster than corresponding networks without in-built invariance. We hope in the future to generalize this theory to approximate invariance under continuous groups.}
}
@article{makadia,
author = {Makadia, Ameesh and Geyer, Christopher and Daniilidis, Kostas},
title = {Correspondence-Free Structure from Motion},
year = {2007},
issue_date = {December  2007},
publisher = {Kluwer Academic Publishers},
address = {USA},
volume = {75},
number = {3},
issn = {0920-5691},
url = {https://doi.org/10.1007/s11263-007-0035-2},
doi = {10.1007/s11263-007-0035-2},
abstract = {We present a novel approach for the estimation of 3D-motion directly from two images using the Radon transform. The feasibility of any camera motion is computed by integrating over all feature pairs that satisfy the epipolar constraint. This integration is equivalent to taking the inner product of a similarity function on feature pairs with a Dirac function embedding the epipolar constraint. The maxima in this five dimensional motion space will correspond to compatible rigid motions. The main novelty is in the realization that the Radon transform is a filtering operator: If we assume that the similarity and Dirac functions are defined on spheres and the epipolar constraint is a group action of rotations on spheres, then the Radon transform is a correlation integral. We propose a new algorithm to compute this integral from the spherical Fourier transform of the similarity and Dirac functions. Generating the similarity function now becomes a preprocessing step which reduces the complexity of the Radon computation by a factor equal to the number of feature pairs processed. The strength of the algorithm is in avoiding a commitment to correspondences, thus being robust to erroneous feature detection, outliers, and multiple motions.},
journal = {Int. J. Comput. Vision},
month = {dec},
pages = {311â327},
numpages = {17},
keywords = {harmonic analysis, correspondence-free motion, structure from motion, registration, motion estimation}
}

@misc{esteves,
  doi = {10.48550/ARXIV.2006.10731},
  
  url = {https://arxiv.org/abs/2006.10731},
  
  author = {Esteves, Carlos and Makadia, Ameesh and Daniilidis, Kostas},
  
  keywords = {Computer Vision and Pattern Recognition (cs.CV), Machine Learning (cs.LG), FOS: Computer and information sciences, FOS: Computer and information sciences},
  
  title = {Spin-Weighted Spherical CNNs},
  
  publisher = {arXiv},
  
  year = {2020},
  
  copyright = {arXiv.org perpetual, non-exclusive license}
}

@article{Gripaios_2021,
	doi = {10.1088/1751-8121/abe58c},
  
	url = {https://doi.org/10.1088%2F1751-8121%2Fabe58c},
  
	year = 2021,
	month = {mar},
  
	publisher = {{IOP} Publishing},
  
	volume = {54},
  
	number = {15},
  
	pages = {155201},
  
	author = {Ben Gripaios and Ward Haddadin and Christopher G Lester},
  
	title = {Lorentz- and permutation-invariants of particles},
  
	journal = {Journal of Physics A: Mathematical and Theoretical}
}

@misc{graphisotest,
  doi = {10.48550/ARXIV.1905.12560},
  
  url = {https://arxiv.org/abs/1905.12560},
  
  author = {Chen, Zhengdao and Villar, Soledad and Chen, Lei and Bruna, Joan},
  
  keywords = {Machine Learning (cs.LG), Machine Learning (stat.ML), FOS: Computer and information sciences, FOS: Computer and information sciences},
  
  title = {On the equivalence between graph isomorphism testing and function approximation with GNNs},
  
  publisher = {arXiv},
  
  year = {2019},
  
  copyright = {arXiv.org perpetual, non-exclusive license}
}

@misc{power,
  doi = {10.48550/ARXIV.1810.00826},
  
  url = {https://arxiv.org/abs/1810.00826},
  
  author = {Xu, Keyulu and Hu, Weihua and Leskovec, Jure and Jegelka, Stefanie},
  
  keywords = {Machine Learning (cs.LG), Computer Vision and Pattern Recognition (cs.CV), Machine Learning (stat.ML), FOS: Computer and information sciences, FOS: Computer and information sciences},
  
  title = {How Powerful are Graph Neural Networks?},
  
  publisher = {arXiv},
  
  year = {2018},
  
  copyright = {arXiv.org perpetual, non-exclusive license}
}

@article{Cohen16,
  doi = {10.48550/ARXIV.1602.07576},
  
  url = {https://arxiv.org/abs/1602.07576},
  
  author = {Cohen, Taco S. and Welling, Max},
  
  keywords = {Machine Learning (cs.LG), Machine Learning (stat.ML), FOS: Computer and information sciences, FOS: Computer and information sciences},
  
  title = {Group Equivariant Convolutional Networks},
  
  publisher = {arXiv},
  
  year = {2016},
  
  copyright = {arXiv.org perpetual, non-exclusive license}
}

@misc{convolution_math,
  doi = {10.48550/ARXIV.1603.07285},
  
  url = {https://arxiv.org/abs/1603.07285},
  
  author = {Dumoulin, Vincent and Visin, Francesco},
  
  keywords = {Machine Learning (stat.ML), Machine Learning (cs.LG), Neural and Evolutionary Computing (cs.NE), FOS: Computer and information sciences, FOS: Computer and information sciences},
  
  title = {A guide to convolution arithmetic for deep learning},
  
  publisher = {arXiv},
  
  year = {2016},
  
  copyright = {arXiv.org perpetual, non-exclusive license}
}


